2616 4048
470 217 581 273 Llssnn
599 219 619 272 Ι.
650 216 726 273 CAP.
749 225 771 272 1.
1110 217 1129 282 7

110 385 295 447 castrorum
328 383 526 465 seruaretur,
561 402 615 470 ne,
641 379 717 466 quid
749 379 914 446 Hannibal
947 381 1130 464 suspicatus

113 470 248 535 auderet
270 468 424 534 aduersus
447 470 646 553 paucitatem
673 470 872 554 relictorum.
919 491 992 534 cum
1015 469 1130 534 deinde

113 560 148 622 in
171 557 307 622 Umbria
335 559 505 624 occultatis
533 558 708 623 itineribus
736 559 879 643 collegae
904 580 937 622 se
960 558 1130 641 iunxisset,

114 646 220 726 uetuit
242 652 349 712 castra
377 647 542 732 ampliari,
568 669 609 711 ne
634 647 720 731 quod
743 648 871 732 signum
896 647 1055 711 aduentus
1079 647 1130 711 sui

114 734 223 800 Poeno
243 735 344 818 daret,
363 735 583 801 detrectaturc
602 755 756 820 pugnam,
775 737 804 800 si
818 736 987 801 consulum
1001 736 1128 800 iunctas
1149 751 1165 800 c

113 824 199 888 uires
221 823 446 889 intellexisset.
481 823 583 910 igitur
604 823 741 889 inscium
762 824 935 908 duplicatis
955 824 1128 910 adgressus

113 911 216 996 copiis
253 913 421 997 superauit
453 917 486 978 et
517 913 659 978 uelocius
694 913 782 978 omni
814 913 928 978 nuntio
960 913 1057 977 rediit
1089 912 1131 977 ad

111 999 346 1066 Hannibalem:
364 1001 413 1064 ita
429 1023 469 1064 ex
483 1001 609 1066 duobus
624 1001 843 1066 callidissimis
859 1000 993 1065 ducibus
1007 1000 1129 1065 Poeno·

112 1112 185 1153 rum
204 1090 318 1154 eodem
337 1089 473 1153 consilio
494 1090 634 1153 alterum
653 1090 781 1172 celauit,
800 1090 939 1152 alterum
959 1089 1130 1172 oppressit.

184 1179 235 1242 10.
267 1176 503 1240 Themistocles
536 1177 712 1240 exhortans
746 1197 821 1240 suos
854 1176 895 1240 ad
926 1176 1129 1241 suscitandos
1151 1195 1184 1242 10

113 1265 313 1329 festinanter
339 1283 449 1328 muros
456 1313 464 1346 ,
495 1285 575 1348 quos
603 1264 693 1328 iussu
720 1263 1048 1329 Lacedaemoniorum
1078 1264 1130 1329 de-

113 1353 249 1435 icerent,
267 1351 386 1437 legatis
402 1350 645 1417 Lacedaemone
664 1353 784 1435 missis,
804 1354 859 1438 qui
878 1354 1131 1438 interpellarent,

114 1440 296 1524 respondit,
323 1444 494 1505 uenturum
523 1463 558 1506 se
577 1441 623 1526 ad
646 1441 831 1507 diluendam
858 1442 942 1507 hanc
966 1443 1130 1507 existima-

113 1529 251 1594 tionem:
292 1531 326 1593 et
366 1531 516 1613 peruenit
551 1529 836 1596 Lacedaemonem.
887 1531 935 1595 ibi
977 1531 1130 1596 simulato

114 1617 229 1682 morbo
253 1616 453 1702 aliquantum
474 1618 632 1702 temporis
652 1621 805 1697 extraxit;
829 1623 862 1684 et
884 1623 1060 1704 postquam
1083 1620 1130 1695 in·
1151 1635 1184 1683 15

112 1707 240 1771 tellexit
267 1710 452 1790 suspectam
481 1728 551 1772 esse
583 1708 886 1792 tergiuersationem
916 1729 1022 1791 suam,
1055 1729 1128 1772 con·

111 1795 219 1859 tendit
240 1794 361 1860 falsum
385 1795 568 1879 (allatum)
598 1797 638 1860 ad
667 1818 722 1862 cos
749 1818 912 1861 rumorem
936 1800 968 1860 et
991 1797 1131 1880 rogauit,

113 1883 283 1948 mitterent
305 1885 432 1968 aliquos
456 1884 734 1969 exprincipibus,
763 1886 879 1969 quibus
903 1884 1068 1949 crederent
1092 1885 1130 1948 de

112 1970 295 2037 m'unitio'ne
317 1969 532 2037 Athenarum.
579 1975 645 2037 suis
669 1972 784 2037 deinde
811 1974 895 2038 clam
924 1973 1066 2056 scripsit,
1094 1975 1131 2036 ut

111 2081 169 2125 eos
198 2061 253 2144 qui
276 2060 443 2124 uenissent
470 2062 662 2142 retinerent,
690 2060 791 2125 donec
818 2061 947 2124 refectis
975 2061 1129 2145 operibus
1150 2077 1184 2124 20

110 2150 323 2214 confiteretur
345 2148 623 2231 Lacedaemoniis,
645 2150 788 2212 munitas
813 2169 883 2212 esse
907 2149 1054 2212 Athenas
1077 2170 1131 2212 ne-

111 2257 179 2319 que
207 2235 304 2298 aliter
330 2235 492 2318 principes
520 2256 632 2299 eorum
659 2235 763 2299 redire
790 2237 903 2318 posse,
935 2256 1033 2319 quam
1060 2236 1131 2319 ipse

112 2321 272 2387 remissus
290 2321 389 2386 foret:
408 2323 493 2404 quod
512 2323 608 2386 facile
626 2322 860 2406 praestiterunt
873 2322 1131 2407 Lacedaemonii,

111 2433 158 2477 ne
181 2410 278 2474 unius
301 2410 471 2474 interitum
494 2410 671 2474 multorum
695 2415 798 2475 morte
822 2415 1002 2494 pensarent.

186 2499 251 2579 [ll.
274 2498 308 2562 L.
323 2497 454 2582 Furius,
473 2499 615 2563 exercitu
634 2499 788 2582 perducto
803 2501 836 2564 in
851 2500 958 2576 locum
975 2499 1131 2584 iniquum,
1150 2517 1184 2566 25

109 2609 189 2656 oum
222 2587 444 2652 constituisset
471 2588 633 2653 occrdtare
666 2588 919 2652 sollicitudinem
952 2611 1057 2673 suam,
1090 2611 1131 2654 ne

108 2676 232 2760 reliqui
258 2675 474 2760 trepidarent,
502 2677 662 2760 paulatim
691 2699 725 2741 se
752 2677 935 2762 inflectens,
964 2681 1131 2763 tamquam

107 2765 253 2834 circuitu
276 2764 398 2830 maiore
412 2764 551 2843 ,hostem
575 2766 796 2850 adgresrauru,
820 2787 977 2832 conuerso
1002 2767 1131 2850 agmine

106 2860 267 2944 ignarum
293 2853 342 2917 rei
369 2874 451 2937 quae
479 2854 638 2938 agebatur
666 2855 843 2920 exercitum
866 2855 1061 2919 incolumem
1084 2877 1132 2920 re·

106 2943 228 3022 duxit]
293 2941 297 2950 ’
1149 2959 1184 3006 sc

185 3087 203 3136 3
227 3081 319 3134 umbri
338 3081 372 3133 H
389 3085 393 3146 Ι
418 3086 434 3134 ὅ
459 3080 619 3135 detracturo
638 3082 684 3150 Pl
709 3087 725 3134 9
749 3087 813 3135 ante
836 3081 887 3136 cel.
907 3082 1034 3135 additae
1054 3081 1131 3135 Har-

105 3159 144 3215 tei
174 3154 233 3209 iter
250 3151 281 3204 0.
291 3149 453 3217 Hirschfeld
477 3155 481 3219 Ι
509 3157 540 3205 11
560 3151 624 3206 Lac.
644 3150 788 3206 deicerent
805 3168 855 3206 om.
871 3151 917 3205 H²
942 3155 945 3218 Ι
972 3151 1132 3206 deiecerant
1232 3170 1246 3188 r

105 3230 167 3297 121⁷,
177 3221 476 3282 echehttaJatrc.
487 3223 614 3289 fiPlulol.
622 3225 723 3289 (1883)
731 3226 859 3288 127,752
876 3225 880 3289 1
898 3227 930 3276 13
941 3222 1131 3291 responditH,
1178 3254 1211 3301 4
1237 3243 1241 3251 ·
1296 3267 1297 3270 ,

105 3303 155 3359 sed
168 3317 184 3353 r
199 3296 234 3350 ia
248 3309 304 3346 ras.
318 3293 403 3346 tiam
416 3293 538 3359 fereiitt.
552 3294 570 3346 h
586 3295 590 3361 Ι
607 3292 771 3347 diluendum
785 3292 829 3345 H¹
849 3293 1075 3364 deluepdamPt
1098 3299 1131 3347 17
1190 3324 1196 3342 .
1219 3305 1224 3313 ·

106 3373 236 3431 allatum
255 3363 395 3432 suppleuit
418 3363 595 3420 Wacbantatb
613 3365 673 3418 coit.
693 3363 763 3431 Nep.
785 3363 874 3417 Tbem.
895 3369 922 3429 7,
939 3367 958 3417 2
990 3358 1131 3432 perlatum

103 3449 170 3519 post
189 3453 264 3492 rum.
285 3434 348 3488 add.
364 3433 456 3488 stoa:
474 3435 586 3502 ellipsin
604 3435 726 3501 defendit
746 3433 830 3487 Terin.
855 3438 858 3501 Ι
886 3439 919 3487 18
937 3435 970 3487 ut
986 3432 1060 3486 mitt.
1077 3434 1105 3485 P
1126 3433 1128 3502 l

106 3523 141 3572 22
153 3506 255 3577 aliter]
272 3504 338 3558 ante
348 3504 407 3558 Ser.
425 3513 429 3571 ι
445 3510 479 3560 26
493 3507 644 3574 exemplam
657 3505 801 3572 repetitam
815 3521 848 3558 ea
861 3508 888 3570 1,
898 3507 984 3570 5,13;
998 3504 1032 3570 cs.
1038 3505 1130 3572 praes.

106 3586 203 3664 §101
228 3575 368 3648 producto
387 3575 407 3630 d
426 3577 431 3645 Ι
453 3581 488 3630 29
507 3577 553 3628 tur
572 3575 724 3630 exercitum
742 3575 773 3628 ia
791 3591 846 3630 ras.
865 3575 883 3628 lc
