<?xml version="1.0" encoding="UTF-8"?>
<!DOCTYPE html PUBLIC "-//W3C//DTD XHTML 1.0 Transitional//EN"
    "http://www.w3.org/TR/xhtml1/DTD/xhtml1-transitional.dtd">
<html xmlns="http://www.w3.org/1999/xhtml" xml:lang="en" lang="en">
 <head>
  <title>
</title>
<meta http-equiv="Content-Type" content="text/html;charset=utf-8" />
  <meta name='ocr-system' content='tesseract 3.04.00' />
  <meta name='ocr-capabilities' content='ocr_page ocr_carea ocr_par ocr_line ocrx_word'/>
</head>
<body>
  <div class='ocr_page' id='page_1' title='image "./ivlifrontinistr02gundgoog_0056.png"; bbox 0 0 2616 4048; ppageno 0'>
   <div class='ocr_carea' id='block_1_1' title="bbox 414 220 1114 287">
    <p class='ocr_par' dir='ltr' id='par_1_1' title="bbox 414 220 1114 287">
     <span class='ocr_line' id='line_1_1' title="bbox 414 220 1114 287; baseline 0.01 -11"><span class='ocrx_word' id='word_1_1' title='bbox 414 220 565 276; x_wconf 84' lang='lat' dir='ltr'><strong>LIBERI.</strong></span> <span class='ocrx_word' id='word_1_2' title='bbox 594 220 671 277; x_wconf 79' lang='grc' dir='ltr'><strong>ΟΔΡ.</strong></span> <span class='ocrx_word' id='word_1_3' title='bbox 692 227 805 278; x_wconf 86' lang='grc'><strong>10-11.</strong></span> <span class='ocrx_word' id='word_1_4' title='bbox 1073 222 1114 287; x_wconf 86' lang='grc'><strong>31</strong></span> 
     </span>
    </p>
   </div>
   <div class='ocr_carea' id='block_1_2' title="bbox 124 431 1091 579">
    <p class='ocr_par' dir='ltr' id='par_1_2' title="bbox 124 431 1091 579">
     <span class='ocr_line' id='line_1_2' title="bbox 124 431 1091 501; baseline -0.001 -11"><span class='ocrx_word' id='word_1_5' title='bbox 124 435 172 490; x_wconf 87' lang='lat' dir='ltr'><strong>XL</strong></span> <span class='ocrx_word' id='word_1_6' title='bbox 203 431 493 501; x_wconf 78' lang='lat' dir='ltr'><strong>QUEMADMODUM</strong></span> <span class='ocrx_word' id='word_1_7' title='bbox 510 432 735 490; x_wconf 80' lang='lat' dir='ltr'>INCITANDUS</span> <span class='ocrx_word' id='word_1_8' title='bbox 755 433 813 489; x_wconf 80' lang='lat' dir='ltr'><strong>SIT</strong></span> <span class='ocrx_word' id='word_1_9' title='bbox 831 433 882 487; x_wconf 85' lang='lat' dir='ltr'><strong>AD</strong></span> <span class='ocrx_word' id='word_1_10' title='bbox 901 433 1091 490; x_wconf 83' lang='lat' dir='ltr'><strong>PROELIUM</strong></span> 
     </span>
     <span class='ocr_line' id='line_1_3' title="bbox 499 521 712 579; baseline -0.009 0"><span class='ocrx_word' id='word_1_11' title='bbox 499 521 712 579; x_wconf 80' lang='lat' dir='ltr'>EXERCITUS.</span> 
     </span>
    </p>
   </div>
   <div class='ocr_carea' id='block_1_3' title="bbox 90 649 1167 3039">
    <p class='ocr_par' dir='ltr' id='par_1_3' title="bbox 99 649 1150 1090">
     <span class='ocr_line' id='line_1_4' title="bbox 174 649 1116 718; baseline 0.002 -4"><span class='ocrx_word' id='word_1_12' title='bbox 174 653 202 717; x_wconf 90' lang='lat'><strong>1.</strong></span> <span class='ocrx_word' id='word_1_13' title='bbox 233 650 276 717; x_wconf 90' lang='grc' dir='ltr'><strong>Μ.</strong></span> <span class='ocrx_word' id='word_1_14' title='bbox 302 650 423 717; x_wconf 81' lang='lat' dir='ltr'><strong>Fabius</strong></span> <span class='ocrx_word' id='word_1_15' title='bbox 457 657 490 716; x_wconf 91' lang='lat' dir='ltr'><strong>et</strong></span> <span class='ocrx_word' id='word_1_16' title='bbox 522 650 580 718; x_wconf 76' lang='lat' dir='ltr'><strong>(ln.</strong></span> <span class='ocrx_word' id='word_1_17' title='bbox 608 649 747 716; x_wconf 90' lang='lat' dir='ltr'><strong>Manlius</strong></span> <span class='ocrx_word' id='word_1_18' title='bbox 780 652 928 716; x_wconf 88' lang='lat' dir='ltr'><strong>eonsules</strong></span> <span class='ocrx_word' id='word_1_19' title='bbox 960 651 1116 717; x_wconf 88' lang='lat' dir='ltr'><strong>aduersus</strong></span> 
     </span>
     <span class='ocr_line' id='line_1_5' title="bbox 101 738 1116 826; baseline 0.001 -23"><span class='ocrx_word' id='word_1_20' title='bbox 101 738 258 804; x_wconf 78' lang='lat' dir='ltr'><strong>Etruscos</strong></span> <span class='ocrx_word' id='word_1_21' title='bbox 281 745 415 826; x_wconf 90' lang='lat' dir='ltr'><strong>propter</strong></span> <span class='ocrx_word' id='word_1_22' title='bbox 433 741 609 806; x_wconf 76' lang='lat' dir='ltr'><strong>seditiones</strong></span> <span class='ocrx_word' id='word_1_23' title='bbox 629 740 830 805; x_wconf 88' lang='lat' dir='ltr'><strong>detractante</strong></span> <span class='ocrx_word' id='word_1_24' title='bbox 848 741 1010 823; x_wconf 89' lang='lat' dir='ltr'><strong>proelium</strong></span> <span class='ocrx_word' id='word_1_25' title='bbox 1030 762 1116 806; x_wconf 86' lang='lat' dir='ltr'><strong>exer-</strong></span> 
     </span>
     <span class='ocr_line' id='line_1_6' title="bbox 102 828 1150 912; baseline 0.004 -20"><span class='ocrx_word' id='word_1_26' title='bbox 102 829 169 893; x_wconf 91' lang='lat' dir='ltr'><strong>citu</strong></span> <span class='ocrx_word' id='word_1_27' title='bbox 197 828 283 894; x_wconf 91' lang='lat' dir='ltr'><strong>ultro</strong></span> <span class='ocrx_word' id='word_1_28' title='bbox 312 830 549 894; x_wconf 89' lang='lat' dir='ltr'><strong>simuleuerunt</strong></span> <span class='ocrx_word' id='word_1_29' title='bbox 578 830 832 912; x_wconf 76' lang='lat' dir='ltr'><strong>cunctationem,</strong></span> <span class='ocrx_word' id='word_1_30' title='bbox 864 829 964 894; x_wconf 89' lang='lat' dir='ltr'><strong>donec</strong></span> <span class='ocrx_word' id='word_1_31' title='bbox 996 830 1150 896; x_wconf 79' lang='lat' dir='ltr'><strong>militesc</strong></span> 
     </span>
     <span class='ocr_line' id='line_1_7' title="bbox 99 917 1114 1003; baseline -0.001 -21"><span class='ocrx_word' id='word_1_32' title='bbox 99 917 228 1003; x_wconf 82' lang='lat' dir='ltr'><strong>probris</strong></span> <span class='ocrx_word' id='word_1_33' title='bbox 255 918 401 984; x_wconf 89' lang='lat' dir='ltr'><strong>hostium</strong></span> <span class='ocrx_word' id='word_1_34' title='bbox 429 920 533 984; x_wconf 86' lang='lat' dir='ltr'><strong>coacti</strong></span> <span class='ocrx_word' id='word_1_35' title='bbox 559 938 703 1003; x_wconf 79' lang='lat' dir='ltr'><strong>pugnam</strong></span> <span class='ocrx_word' id='word_1_36' title='bbox 726 917 936 1001; x_wconf 73' lang='lat' dir='ltr'><strong>deposcerent</strong></span> <span class='ocrx_word' id='word_1_37' title='bbox 957 918 1114 984; x_wconf 87' lang='lat' dir='ltr'><strong>iurarent·</strong></span> 
     </span>
     <span class='ocr_line' id='line_1_8' title="bbox 101 1006 703 1090; baseline 0 -20"><span class='ocrx_word' id='word_1_38' title='bbox 101 1027 164 1090; x_wconf 88' lang='lat' dir='ltr'><strong>que</strong></span> <span class='ocrx_word' id='word_1_39' title='bbox 187 1027 222 1071; x_wconf 89' lang='lat' dir='ltr'><strong>se</strong></span> <span class='ocrx_word' id='word_1_40' title='bbox 246 1028 285 1071; x_wconf 84' lang='lat' dir='ltr'><strong>ex</strong></span> <span class='ocrx_word' id='word_1_41' title='bbox 308 1027 347 1071; x_wconf 90' lang='lat' dir='ltr'><strong>ea</strong></span> <span class='ocrx_word' id='word_1_42' title='bbox 368 1007 510 1072; x_wconf 86' lang='lat' dir='ltr'><strong>uictores</strong></span> <span class='ocrx_word' id='word_1_43' title='bbox 533 1006 703 1071; x_wconf 89' lang='lat' dir='ltr'><strong>redituros.</strong></span> 
     </span>
    </p>

    <p class='ocr_par' dir='ltr' id='par_1_4' title="bbox 93 1092 1167 2154">
     <span class='ocr_line' id='line_1_9' title="bbox 166 1092 1114 1178; baseline -0.001 -19"><span class='ocrx_word' id='word_1_44' title='bbox 166 1094 197 1160; x_wconf 81' lang='grc'><strong>2.</strong></span> <span class='ocrx_word' id='word_1_45' title='bbox 220 1093 355 1160; x_wconf 80' lang='lat' dir='ltr'><strong>Fuluius</strong></span> <span class='ocrx_word' id='word_1_46' title='bbox 375 1093 542 1178; x_wconf 80' lang='lat' dir='ltr'><strong>Nobilior,</strong></span> <span class='ocrx_word' id='word_1_47' title='bbox 565 1116 638 1159; x_wconf 89' lang='lat' dir='ltr'><strong>eum</strong></span> <span class='ocrx_word' id='word_1_48' title='bbox 662 1092 814 1158; x_wconf 87' lang='lat' dir='ltr'><strong>aduersus</strong></span> <span class='ocrx_word' id='word_1_49' title='bbox 839 1092 1034 1158; x_wconf 82' lang='lat' dir='ltr'><strong>Samnitium</strong></span> <span class='ocrx_word' id='word_1_50' title='bbox 1056 1116 1114 1158; x_wconf 88' lang='lat' dir='ltr'><strong>nu·</strong></span> 
     </span>
     <span class='ocr_line' id='line_1_10' title="bbox 98 1181 1115 1266; baseline -0.002 -18"><span class='ocrx_word' id='word_1_51' title='bbox 98 1203 264 1248; x_wconf 84' lang='lat' dir='ltr'><strong>merosum</strong></span> <span class='ocrx_word' id='word_1_52' title='bbox 302 1183 477 1247; x_wconf 86' lang='lat' dir='ltr'><strong>exercitum</strong></span> <span class='ocrx_word' id='word_1_53' title='bbox 511 1187 544 1246; x_wconf 91' lang='lat' dir='ltr'><strong>et</strong></span> <span class='ocrx_word' id='word_1_54' title='bbox 576 1181 777 1246; x_wconf 82' lang='lat' dir='ltr'><strong>successibus</strong></span> <span class='ocrx_word' id='word_1_55' title='bbox 814 1181 974 1246; x_wconf 88' lang='lat' dir='ltr'><strong>tumidum</strong></span> <span class='ocrx_word' id='word_1_56' title='bbox 1006 1181 1115 1266; x_wconf 86' lang='lat' dir='ltr'><strong>paruis</strong></span> 
     </span>
     <span class='ocr_line' id='line_1_11' title="bbox 98 1269 1167 1354; baseline 0.004 -19"><span class='ocrx_word' id='word_1_57' title='bbox 98 1271 203 1354; x_wconf 90' lang='lat' dir='ltr'><strong>copiis</strong></span> <span class='ocrx_word' id='word_1_58' title='bbox 231 1291 363 1337; x_wconf 88' lang='lat' dir='ltr'><strong>necesse</strong></span> <span class='ocrx_word' id='word_1_59' title='bbox 385 1271 521 1336; x_wconf 88' lang='lat' dir='ltr'><strong>haberet</strong></span> <span class='ocrx_word' id='word_1_60' title='bbox 549 1269 726 1354; x_wconf 86' lang='lat' dir='ltr'><strong>decertare,</strong></span> <span class='ocrx_word' id='word_1_61' title='bbox 758 1269 924 1336; x_wconf 89' lang='lat' dir='ltr'><strong>simulauit</strong></span> <span class='ocrx_word' id='word_1_62' title='bbox 951 1292 1049 1335; x_wconf 89' lang='lat' dir='ltr'><strong>unam</strong></span> <span class='ocrx_word' id='word_1_63' title='bbox 1072 1270 1167 1339; x_wconf 74' lang='lat' dir='ltr'><strong>lle-10</strong></span> 
     </span>
     <span class='ocr_line' id='line_1_12' title="bbox 100 1357 1114 1444; baseline 0 -21"><span class='ocrx_word' id='word_1_64' title='bbox 100 1359 233 1443; x_wconf 83' lang='lat' dir='ltr'><strong>gionam</strong></span> <span class='ocrx_word' id='word_1_65' title='bbox 260 1357 406 1424; x_wconf 89' lang='lat' dir='ltr'><strong>bostium</strong></span> <span class='ocrx_word' id='word_1_66' title='bbox 434 1364 619 1444; x_wconf 88' lang='lat' dir='ltr'><strong>corruptam</strong></span> <span class='ocrx_word' id='word_1_67' title='bbox 643 1381 662 1423; x_wconf 89' lang='lat' dir='ltr'><strong>e</strong></span> <span class='ocrx_word' id='word_1_68' title='bbox 686 1379 720 1423; x_wconf 90' lang='lat' dir='ltr'><strong>se</strong></span> <span class='ocrx_word' id='word_1_69' title='bbox 744 1359 784 1424; x_wconf 89' lang='lat' dir='ltr'><strong>ad</strong></span> <span class='ocrx_word' id='word_1_70' title='bbox 812 1359 1029 1444; x_wconf 85' lang='lat' dir='ltr'><strong>proditionem</strong></span> <span class='ocrx_word' id='word_1_71' title='bbox 1056 1359 1114 1423; x_wconf 91' lang='lat' dir='ltr'><strong>im-</strong></span> 
     </span>
     <span class='ocr_line' id='line_1_13' title="bbox 98 1446 1114 1533; baseline 0.002 -23"><span class='ocrx_word' id='word_1_72' title='bbox 98 1446 292 1531; x_wconf 87' lang='lat' dir='ltr'><strong>perauitque</strong></span> <span class='ocrx_word' id='word_1_73' title='bbox 314 1447 354 1512; x_wconf 87' lang='lat' dir='ltr'><strong>ad</strong></span> <span class='ocrx_word' id='word_1_74' title='bbox 379 1448 447 1512; x_wconf 87' lang='lat' dir='ltr'><strong>eius</strong></span> <span class='ocrx_word' id='word_1_75' title='bbox 474 1449 522 1512; x_wconf 91' lang='lat' dir='ltr'><strong>rei</strong></span> <span class='ocrx_word' id='word_1_76' title='bbox 549 1448 646 1513; x_wconf 88' lang='lat' dir='ltr'><strong>tidem</strong></span> <span class='ocrx_word' id='word_1_77' title='bbox 673 1447 814 1513; x_wconf 91' lang='lat' dir='ltr'><strong>tribunis</strong></span> <span class='ocrx_word' id='word_1_78' title='bbox 839 1452 871 1513; x_wconf 91' lang='lat' dir='ltr'><strong>et</strong></span> <span class='ocrx_word' id='word_1_79' title='bbox 893 1449 1006 1533; x_wconf 90' lang='lat' dir='ltr'><strong>primis</strong></span> <span class='ocrx_word' id='word_1_80' title='bbox 1031 1448 1114 1514; x_wconf 90' lang='lat' dir='ltr'><strong>ordi-</strong></span> 
     </span>
     <span class='ocr_line' id='line_1_14' title="bbox 97 1534 1113 1622; baseline 0.002 -23"><span class='ocrx_word' id='word_1_81' title='bbox 97 1534 195 1600; x_wconf 89' lang='lat' dir='ltr'><strong>nibus</strong></span> <span class='ocrx_word' id='word_1_82' title='bbox 223 1540 256 1600; x_wconf 89' lang='lat' dir='ltr'><strong>et</strong></span> <span class='ocrx_word' id='word_1_83' title='bbox 283 1537 539 1622; x_wconf 86' lang='lat' dir='ltr'><strong>centurionibus,</strong></span> <span class='ocrx_word' id='word_1_84' title='bbox 572 1541 729 1622; x_wconf 90' lang='lat' dir='ltr'><strong>quantum</strong></span> <span class='ocrx_word' id='word_1_85' title='bbox 762 1538 897 1622; x_wconf 89' lang='lat' dir='ltr'><strong>quisque</strong></span> <span class='ocrx_word' id='word_1_86' title='bbox 923 1542 1113 1602; x_wconf 79' lang='lat' dir='ltr'><strong>numeratae</strong></span> 
     </span>
     <span class='ocr_line' id='line_1_15' title="bbox 96 1624 1114 1713; baseline 0.002 -25"><span class='ocrx_word' id='word_1_87' title='bbox 96 1624 254 1708; x_wconf 88' lang='lat' dir='ltr'><strong>pecuniae</strong></span> <span class='ocrx_word' id='word_1_88' title='bbox 287 1629 344 1690; x_wconf 89' lang='lat' dir='ltr'><strong>aut</strong></span> <span class='ocrx_word' id='word_1_89' title='bbox 376 1628 447 1691; x_wconf 89' lang='lat' dir='ltr'><strong>auri</strong></span> <span class='ocrx_word' id='word_1_90' title='bbox 480 1627 670 1713; x_wconf 85' lang='lat' dir='ltr'><strong>argentique</strong></span> <span class='ocrx_word' id='word_1_91' title='bbox 702 1626 838 1692; x_wconf 89' lang='lat' dir='ltr'><strong>haberet</strong></span> <span class='ocrx_word' id='word_1_92' title='bbox 869 1625 1045 1709; x_wconf 84' lang='lat' dir='ltr'><strong>conferret,</strong></span> <span class='ocrx_word' id='word_1_93' title='bbox 1077 1629 1114 1690; x_wconf 87' lang='lat' dir='ltr'><strong>ut</strong></span> 
     </span>
     <span class='ocr_line' id='line_1_16' title="bbox 96 1715 1164 1800; baseline 0.007 -24"><span class='ocrx_word' id='word_1_94' title='bbox 96 1715 335 1796; x_wconf 87' lang='lat' dir='ltr'><strong>repraesentari</strong></span> <span class='ocrx_word' id='word_1_95' title='bbox 366 1735 487 1780; x_wconf 89' lang='lat' dir='ltr'><strong>merces</strong></span> <span class='ocrx_word' id='word_1_96' title='bbox 520 1715 742 1800; x_wconf 84' lang='lat' dir='ltr'><strong>proditoribus</strong></span> <span class='ocrx_word' id='word_1_97' title='bbox 774 1719 902 1800; x_wconf 82' lang='lat' dir='ltr'><strong>posset3</strong></span> <span class='ocrx_word' id='word_1_98' title='bbox 935 1735 969 1780; x_wconf 89' lang='lat' dir='ltr'><strong>se</strong></span> <span class='ocrx_word' id='word_1_99' title='bbox 1002 1717 1111 1780; x_wconf 86' lang='lat' dir='ltr'><strong>autern</strong></span> <span class='ocrx_word' id='word_1_100' title='bbox 1134 1732 1164 1783; x_wconf 81' lang='lat'><strong>16</strong></span> 
     </span>
     <span class='ocr_line' id='line_1_17' title="bbox 94 1801 1112 1888; baseline 0.002 -22"><span class='ocrx_word' id='word_1_101' title='bbox 94 1801 149 1866; x_wconf 90' lang='lat' dir='ltr'><strong>his</strong></span> <span class='ocrx_word' id='word_1_102' title='bbox 168 1803 223 1887; x_wconf 89' lang='lat' dir='ltr'><strong>qui</strong></span> <span class='ocrx_word' id='word_1_103' title='bbox 242 1803 457 1869; x_wconf 87' lang='lat' dir='ltr'><strong>contulissent</strong></span> <span class='ocrx_word' id='word_1_104' title='bbox 475 1805 639 1888; x_wconf 92' lang='lat' dir='ltr'><strong>pollicitus</strong></span> <span class='ocrx_word' id='word_1_105' title='bbox 659 1809 709 1869; x_wconf 93' lang='lat' dir='ltr'><strong>est</strong></span> <span class='ocrx_word' id='word_1_106' title='bbox 727 1807 954 1869; x_wconf 88' lang='lat' dir='ltr'><strong>consummata</strong></span> <span class='ocrx_word' id='word_1_107' title='bbox 974 1803 1112 1868; x_wconf 88' lang='lat' dir='ltr'><strong>uictoria</strong></span> 
     </span>
     <span class='ocr_line' id='line_1_18' title="bbox 96 1891 1112 1977; baseline 0.003 -23"><span class='ocrx_word' id='word_1_108' title='bbox 96 1892 208 1974; x_wconf 89' lang='lat' dir='ltr'><strong>ampla</strong></span> <span class='ocrx_word' id='word_1_109' title='bbox 229 1891 361 1975; x_wconf 89' lang='lat' dir='ltr'><strong>insuper</strong></span> <span class='ocrx_word' id='word_1_110' title='bbox 383 1893 529 1975; x_wconf 89' lang='lat' dir='ltr'><strong>praemia</strong></span> <span class='ocrx_word' id='word_1_111' title='bbox 551 1893 714 1957; x_wconf 85' lang='lat' dir='ltr'><strong>daturum:</strong></span> <span class='ocrx_word' id='word_1_112' title='bbox 744 1914 827 1977; x_wconf 88' lang='lat' dir='ltr'><strong>quae</strong></span> <span class='ocrx_word' id='word_1_113' title='bbox 855 1893 1023 1976; x_wconf 87' lang='lat' dir='ltr'><strong>persuasio</strong></span> <span class='ocrx_word' id='word_1_114' title='bbox 1047 1892 1112 1957; x_wconf 87' lang='lat' dir='ltr'><strong>Ro-</strong></span> 
     </span>
     <span class='ocr_line' id='line_1_19' title="bbox 94 1980 1111 2065; baseline 0.002 -22"><span class='ocrx_word' id='word_1_115' title='bbox 94 1980 203 2044; x_wconf 91' lang='lat' dir='ltr'><strong>manis</strong></span> <span class='ocrx_word' id='word_1_116' title='bbox 241 1980 443 2046; x_wconf 83' lang='lat' dir='ltr'><strong>alacritatem</strong></span> <span class='ocrx_word' id='word_1_117' title='bbox 481 1980 594 2045; x_wconf 85' lang='lat' dir='ltr'><strong>attulit</strong></span> <span class='ocrx_word' id='word_1_118' title='bbox 630 1985 664 2045; x_wconf 92' lang='lat' dir='ltr'><strong>ct</strong></span> <span class='ocrx_word' id='word_1_119' title='bbox 694 1981 858 2065; x_wconf 84' lang='lat' dir='ltr'><strong>fiduciam,</strong></span> <span class='ocrx_word' id='word_1_120' title='bbox 895 1981 980 2046; x_wconf 90' lang='lat' dir='ltr'><strong>unde</strong></span> <span class='ocrx_word' id='word_1_121' title='bbox 1012 1983 1111 2046; x_wconf 85' lang='lat' dir='ltr'><strong>etiem</strong></span> 
     </span>
     <span class='ocr_line' id='line_1_20' title="bbox 93 2068 1111 2154; baseline 0.001 -22"><span class='ocrx_word' id='word_1_122' title='bbox 93 2068 264 2152; x_wconf 88' lang='lat' dir='ltr'><strong>praeclara</strong></span> <span class='ocrx_word' id='word_1_123' title='bbox 292 2069 430 2135; x_wconf 87' lang='lat' dir='ltr'><strong>uictoria</strong></span> <span class='ocrx_word' id='word_1_124' title='bbox 458 2069 631 2134; x_wconf 78' lang='lat' dir='ltr'><strong>commisso</strong></span> <span class='ocrx_word' id='word_1_125' title='bbox 661 2069 774 2133; x_wconf 90' lang='lat' dir='ltr'><strong>statim</strong></span> <span class='ocrx_word' id='word_1_126' title='bbox 802 2069 889 2134; x_wconf 90' lang='lat' dir='ltr'><strong>bello</strong></span> <span class='ocrx_word' id='word_1_127' title='bbox 913 2073 1030 2154; x_wconf 86' lang='lat' dir='ltr'><strong>parata</strong></span> <span class='ocrx_word' id='word_1_128' title='bbox 1053 2073 1111 2134; x_wconf 88' lang='lat' dir='ltr'><strong>est.</strong></span> 
     </span>
    </p>

    <p class='ocr_par' dir='ltr' id='par_1_5' title="bbox 92 2154 1163 2683">
     <span class='ocr_line' id='line_1_21' title="bbox 164 2154 1163 2224; baseline 0.003 -3"><span class='ocrx_word' id='word_1_129' title='bbox 164 2156 194 2221; x_wconf 82' lang='lat'><strong>3.</strong></span> <span class='ocrx_word' id='word_1_130' title='bbox 227 2155 262 2220; x_wconf 80' lang='lat' dir='ltr'><strong>O.</strong></span> <span class='ocrx_word' id='word_1_131' title='bbox 291 2154 411 2221; x_wconf 77' lang='lat' dir='ltr'><strong>Caesar</strong></span> <span class='ocrx_word' id='word_1_132' title='bbox 444 2156 599 2222; x_wconf 90' lang='lat' dir='ltr'><strong>aduersus</strong></span> <span class='ocrx_word' id='word_1_133' title='bbox 632 2156 810 2222; x_wconf 82' lang='lat' dir='ltr'><strong>Germanos</strong></span> <span class='ocrx_word' id='word_1_134' title='bbox 843 2155 1111 2222; x_wconf 78' lang='lat' dir='ltr'><strong>et&#39;Ariouistum</strong></span> <span class='ocrx_word' id='word_1_135' title='bbox 1129 2176 1163 2224; x_wconf 79' lang='lat'><strong>20</strong></span> 
     </span>
     <span class='ocr_line' id='line_1_22' title="bbox 94 2245 1111 2328; baseline 0.001 -21"><span class='ocrx_word' id='word_1_136' title='bbox 94 2247 299 2328; x_wconf 81' lang='lat' dir='ltr'><strong>pugnaturus</strong></span> <span class='ocrx_word' id='word_1_137' title='bbox 318 2245 461 2309; x_wconf 86' lang='lat' dir='ltr'><strong>confusis</strong></span> <span class='ocrx_word' id='word_1_138' title='bbox 481 2266 614 2309; x_wconf 90' lang='lat' dir='ltr'><strong>suorum</strong></span> <span class='ocrx_word' id='word_1_139' title='bbox 633 2245 750 2308; x_wconf 86' lang='lat' dir='ltr'><strong>animis</strong></span> <span class='ocrx_word' id='word_1_140' title='bbox 769 2266 828 2327; x_wconf 89' lang='lat' dir='ltr'><strong>pro</strong></span> <span class='ocrx_word' id='word_1_141' title='bbox 848 2247 1000 2310; x_wconf 86' lang='lat' dir='ltr'><strong>contione</strong></span> <span class='ocrx_word' id='word_1_142' title='bbox 1020 2245 1111 2328; x_wconf 87' lang='lat' dir='ltr'><strong>dixit,</strong></span> 
     </span>
     <span class='ocr_line' id='line_1_23' title="bbox 94 2331 1110 2417; baseline 0.001 -22"><span class='ocrx_word' id='word_1_143' title='bbox 94 2331 219 2395; x_wconf 89' lang='lat' dir='ltr'><strong>nullius</strong></span> <span class='ocrx_word' id='word_1_144' title='bbox 242 2353 277 2395; x_wconf 90' lang='lat' dir='ltr'><strong>se</strong></span> <span class='ocrx_word' id='word_1_145' title='bbox 297 2352 336 2397; x_wconf 88' lang='lat' dir='ltr'><strong>eo</strong></span> <span class='ocrx_word' id='word_1_146' title='bbox 355 2332 406 2396; x_wconf 89' lang='lat' dir='ltr'><strong>die</strong></span> <span class='ocrx_word' id='word_1_147' title='bbox 424 2353 524 2416; x_wconf 89' lang='lat' dir='ltr'><strong>opera</strong></span> <span class='ocrx_word' id='word_1_148' title='bbox 546 2333 611 2397; x_wconf 89' lang='lat' dir='ltr'><strong>nisi</strong></span> <span class='ocrx_word' id='word_1_149' title='bbox 635 2332 777 2396; x_wconf 88' lang='lat' dir='ltr'><strong>decimae</strong></span> <span class='ocrx_word' id='word_1_150' title='bbox 799 2333 938 2417; x_wconf 82' lang='lat' dir='ltr'><strong>legionis</strong></span> <span class='ocrx_word' id='word_1_151' title='bbox 962 2354 1110 2398; x_wconf 88' lang='lat' dir='ltr'><strong>usurum:</strong></span> 
     </span>
     <span class='ocr_line' id='line_1_24' title="bbox 96 2420 1110 2506; baseline 0.003 -23"><span class='ocrx_word' id='word_1_152' title='bbox 96 2440 162 2504; x_wconf 92' lang='lat' dir='ltr'><strong>quo</strong></span> <span class='ocrx_word' id='word_1_153' title='bbox 186 2423 377 2485; x_wconf 88' lang='lat' dir='ltr'><strong>consecutus</strong></span> <span class='ocrx_word' id='word_1_154' title='bbox 401 2423 465 2504; x_wconf 91' lang='lat' dir='ltr'><strong>est,</strong></span> <span class='ocrx_word' id='word_1_155' title='bbox 488 2425 526 2485; x_wconf 90' lang='lat' dir='ltr'><strong>ut</strong></span> <span class='ocrx_word' id='word_1_156' title='bbox 548 2420 705 2486; x_wconf 87' lang='lat' dir='ltr'><strong>decimani</strong></span> <span class='ocrx_word' id='word_1_157' title='bbox 728 2425 895 2506; x_wconf 88' lang='lat' dir='ltr'><strong>tamquam</strong></span> <span class='ocrx_word' id='word_1_158' title='bbox 918 2423 1110 2505; x_wconf 85' lang='lat' dir='ltr'><strong>praecipuae</strong></span> 
     </span>
     <span class='ocr_line' id='line_1_25' title="bbox 92 2507 1111 2594; baseline 0.003 -22"><span class='ocrx_word' id='word_1_159' title='bbox 92 2507 297 2574; x_wconf 83' lang='lat' dir='ltr'><strong>fortitudinis</strong></span> <span class='ocrx_word' id='word_1_160' title='bbox 323 2508 511 2574; x_wconf 88' lang='lat' dir='ltr'><strong>testimonie</strong></span> <span class='ocrx_word' id='word_1_161' title='bbox 536 2511 776 2575; x_wconf 88' lang='lat' dir='ltr'><strong>concitarentur</strong></span> <span class='ocrx_word' id='word_1_162' title='bbox 800 2514 833 2574; x_wconf 87' lang='lat' dir='ltr'><strong>et</strong></span> <span class='ocrx_word' id='word_1_163' title='bbox 858 2510 957 2575; x_wconf 89' lang='lat' dir='ltr'><strong>ceteri</strong></span> <span class='ocrx_word' id='word_1_164' title='bbox 979 2511 1111 2594; x_wconf 90' lang='lat' dir='ltr'><strong>pudore,</strong></span> 
     </span>
     <span class='ocr_line' id='line_1_26' title="bbox 93 2597 1160 2683; baseline 0.006 -22"><span class='ocrx_word' id='word_1_165' title='bbox 93 2617 135 2661; x_wconf 93' lang='lat' dir='ltr'><strong>ne</strong></span> <span class='ocrx_word' id='word_1_166' title='bbox 159 2617 257 2681; x_wconf 91' lang='lat' dir='ltr'><strong>penes</strong></span> <span class='ocrx_word' id='word_1_167' title='bbox 281 2597 363 2663; x_wconf 88' lang='lat' dir='ltr'><strong>alios</strong></span> <span class='ocrx_word' id='word_1_168' title='bbox 387 2598 493 2683; x_wconf 81' lang='lat' dir='ltr'><strong>glorie</strong></span> <span class='ocrx_word' id='word_1_169' title='bbox 516 2599 649 2664; x_wconf 89' lang='lat' dir='ltr'><strong>uirtutis</strong></span> <span class='ocrx_word' id='word_1_170' title='bbox 673 2603 767 2664; x_wconf 88' lang='lat' dir='ltr'><strong>esset.</strong></span> <span class='ocrx_word' id='word_1_171' title='bbox 1127 2616 1160 2667; x_wconf 80' lang='lat'><strong>25</strong></span> 
     </span>
    </p>

    <p class='ocr_par' dir='ltr' id='par_1_6' title="bbox 90 2685 1110 3039">
     <span class='ocr_line' id='line_1_27' title="bbox 161 2685 1109 2772; baseline 0.004 -22"><span class='ocrx_word' id='word_1_172' title='bbox 161 2686 191 2750; x_wconf 89' lang='lat'><strong>4.</strong></span> <span class='ocrx_word' id='word_1_173' title='bbox 216 2685 253 2762; x_wconf 80' lang='lat' dir='ltr'><strong>Q.</strong></span> <span class='ocrx_word' id='word_1_174' title='bbox 267 2685 400 2771; x_wconf 85' lang='lat' dir='ltr'><strong>Fabius,</strong></span> <span class='ocrx_word' id='word_1_175' title='bbox 418 2687 494 2772; x_wconf 86' lang='lat' dir='ltr'><strong>quia</strong></span> <span class='ocrx_word' id='word_1_176' title='bbox 513 2687 642 2772; x_wconf 77' lang='lat' dir='ltr'><strong>egregie</strong></span> <span class='ocrx_word' id='word_1_177' title='bbox 662 2688 786 2753; x_wconf 88' lang='lat' dir='ltr'><strong>sciebat</strong></span> <span class='ocrx_word' id='word_1_178' title='bbox 805 2691 837 2752; x_wconf 89' lang='lat' dir='ltr'><strong>et</strong></span> <span class='ocrx_word' id='word_1_179' title='bbox 855 2687 1020 2753; x_wconf 87' lang='lat' dir='ltr'><strong>Romanos</strong></span> <span class='ocrx_word' id='word_1_180' title='bbox 1040 2689 1109 2754; x_wconf 90' lang='lat' dir='ltr'><strong>eius</strong></span> 
     </span>
     <span class='ocr_line' id='line_1_28' title="bbox 93 2774 1110 2861; baseline 0.004 -23"><span class='ocrx_word' id='word_1_181' title='bbox 93 2796 165 2840; x_wconf 88' lang='lat' dir='ltr'><strong>esse</strong></span> <span class='ocrx_word' id='word_1_182' title='bbox 191 2774 368 2859; x_wconf 88' lang='lat' dir='ltr'><strong>libertatis,</strong></span> <span class='ocrx_word' id='word_1_183' title='bbox 400 2797 482 2860; x_wconf 87' lang='lat' dir='ltr'><strong>quae</strong></span> <span class='ocrx_word' id='word_1_184' title='bbox 511 2777 709 2841; x_wconf 90' lang='lat' dir='ltr'><strong>contumelia</strong></span> <span class='ocrx_word' id='word_1_185' title='bbox 737 2782 997 2861; x_wconf 86' lang='lat' dir='ltr'><strong>exasperaretnr,</strong></span> <span class='ocrx_word' id='word_1_186' title='bbox 1029 2782 1063 2842; x_wconf 87' lang='lat' dir='ltr'><strong>et</strong></span> <span class='ocrx_word' id='word_1_187' title='bbox 1090 2800 1110 2842; x_wconf 86' lang='lat' dir='ltr'><strong>e</strong></span> 
     </span>
     <span class='ocr_line' id='line_1_29' title="bbox 91 2862 1110 2950; baseline 0.003 -23"><span class='ocrx_word' id='word_1_188' title='bbox 91 2862 211 2928; x_wconf 88' lang='lat' dir='ltr'><strong>Poenis</strong></span> <span class='ocrx_word' id='word_1_189' title='bbox 233 2863 317 2928; x_wconf 90' lang='lat' dir='ltr'><strong>nihil</strong></span> <span class='ocrx_word' id='word_1_190' title='bbox 336 2864 457 2929; x_wconf 88' lang='lat' dir='ltr'><strong>iustum</strong></span> <span class='ocrx_word' id='word_1_191' title='bbox 477 2869 534 2929; x_wconf 89' lang='lat' dir='ltr'><strong>aut</strong></span> <span class='ocrx_word' id='word_1_192' title='bbox 553 2865 755 2930; x_wconf 89' lang='lat' dir='ltr'><strong>moderatum</strong></span> <span class='ocrx_word' id='word_1_193' title='bbox 774 2867 995 2950; x_wconf 84' lang='lat' dir='ltr'><strong>exspectabat,</strong></span> <span class='ocrx_word' id='word_1_194' title='bbox 1019 2868 1110 2931; x_wconf 90' lang='lat' dir='ltr'><strong>misit</strong></span> 
     </span>
     <span class='ocr_line' id='line_1_30' title="bbox 90 2950 1109 3039; baseline 0.004 -25"><span class='ocrx_word' id='word_1_195' title='bbox 90 2951 220 3038; x_wconf 79' lang='lat' dir='ltr'><strong>legatos</strong></span> <span class='ocrx_word' id='word_1_196' title='bbox 239 2950 473 3039; x_wconf 77' lang='lat' dir='ltr'><strong>Carthaginem</strong></span> <span class='ocrx_word' id='word_1_197' title='bbox 492 2954 531 3019; x_wconf 89' lang='lat' dir='ltr'><strong>de</strong></span> <span class='ocrx_word' id='word_1_198' title='bbox 549 2954 790 3019; x_wconf 90' lang='lat' dir='ltr'><strong>condicionibus</strong></span> <span class='ocrx_word' id='word_1_199' title='bbox 809 2956 911 3037; x_wconf 89' lang='lat' dir='ltr'><strong>pacis:</strong></span> <span class='ocrx_word' id='word_1_200' title='bbox 935 2976 1015 3038; x_wconf 86' lang='lat' dir='ltr'><strong>quas</strong></span> <span class='ocrx_word' id='word_1_201' title='bbox 1035 2976 1109 3018; x_wconf 89' lang='lat' dir='ltr'><strong>cum</strong></span> 
     </span>
    </p>
   </div>
   <div class='ocr_carea' id='block_1_4' title="bbox 89 3089 1107 3660">
    <p class='ocr_par' dir='ltr' id='par_1_7' title="bbox 89 3089 1107 3660">
     <span class='ocr_line' id='line_1_31' title="bbox 165 3089 1084 3163; baseline 0.002 -20"><span class='ocrx_word' id='word_1_202' title='bbox 165 3095 179 3143; x_wconf 93' lang='lat'>1</span> <span class='ocrx_word' id='word_1_203' title='bbox 199 3089 258 3163; x_wconf 78' lang='lat' dir='ltr'><strong>XL]</strong></span> <span class='ocrx_word' id='word_1_204' title='bbox 279 3089 321 3147; x_wconf 87' lang='lat' dir='ltr'><strong>.X.</strong></span> <span class='ocrx_word' id='word_1_205' title='bbox 336 3092 420 3161; x_wconf 77' lang='lat' dir='ltr'><strong>Hle</strong></span> <span class='ocrx_word' id='word_1_206' title='bbox 440 3092 554 3147; x_wconf 87' lang='lat' dir='ltr'><strong>mallius</strong></span> <span class='ocrx_word' id='word_1_207' title='bbox 568 3092 640 3160; x_wconf 88' lang='lat' dir='ltr'><strong>HP,</strong></span> <span class='ocrx_word' id='word_1_208' title='bbox 659 3109 728 3148; x_wconf 77' lang='lat' dir='ltr'><strong>corr.</strong></span> <span class='ocrx_word' id='word_1_209' title='bbox 747 3094 807 3149; x_wconf 84' lang='lat' dir='ltr'><strong>edd.</strong></span> <span class='ocrx_word' id='word_1_210' title='bbox 826 3109 860 3148; x_wconf 77' lang='lat' dir='ltr'><strong>aa</strong></span> <span class='ocrx_word' id='word_1_211' title='bbox 873 3092 1084 3159; x_wconf 76' lang='lat' dir='ltr'><strong>Lia.2,43,11</strong></span> 
     </span>
     <span class='ocr_line' id='line_1_32' title="bbox 91 3161 1083 3230; baseline 0.003 -16"><span class='ocrx_word' id='word_1_212' title='bbox 91 3162 190 3215; x_wconf 88' lang='lat' dir='ltr'><strong>consul</strong></span> <span class='ocrx_word' id='word_1_213' title='bbox 204 3161 239 3215; x_wconf 87' lang='lat' dir='ltr'><strong><em>H</em></strong></span> <span class='ocrx_word' id='word_1_214' title='bbox 254 3163 376 3230; x_wconf 74' lang='lat' dir='ltr'><strong>cofisPt</strong></span> <span class='ocrx_word' id='word_1_215' title='bbox 392 3168 410 3217; x_wconf 87' lang='grc'>4</span> <span class='ocrx_word' id='word_1_216' title='bbox 428 3163 602 3218; x_wconf 89' lang='lat' dir='ltr'><strong>detrectante</strong></span> <span class='ocrx_word' id='word_1_217' title='bbox 619 3164 646 3218; x_wconf 91' lang='lat' dir='ltr'><strong><em>P</em></strong></span> <span class='ocrx_word' id='word_1_218' title='bbox 660 3165 664 3230; x_wconf 95' lang='grc'><strong>1</strong></span> <span class='ocrx_word' id='word_1_219' title='bbox 681 3168 698 3217; x_wconf 82' lang='lat' dir='ltr'><strong>t</strong></span> <span class='ocrx_word' id='word_1_220' title='bbox 712 3163 857 3218; x_wconf 89' lang='lat' dir='ltr'><strong>simulauit</strong></span> <span class='ocrx_word' id='word_1_221' title='bbox 870 3163 905 3217; x_wconf 86' lang='lat' dir='ltr'><strong><em>H</em></strong></span> <span class='ocrx_word' id='word_1_222' title='bbox 909 3163 944 3229; x_wconf 90' lang='lat' dir='ltr'><strong>P,</strong></span> <span class='ocrx_word' id='word_1_223' title='bbox 962 3179 1009 3216; x_wconf 86' lang='lat' dir='ltr'><strong>em.</strong></span> <span class='ocrx_word' id='word_1_224' title='bbox 1025 3163 1083 3218; x_wconf 85' lang='lat' dir='ltr'><strong>edd.</strong></span> 
     </span>
     <span class='ocr_line' id='line_1_33' title="bbox 91 3232 1107 3304; baseline 0.001 -17"><span class='ocrx_word' id='word_1_225' title='bbox 91 3239 107 3287; x_wconf 85' lang='lat'>6</span> <span class='ocrx_word' id='word_1_226' title='bbox 127 3232 227 3287; x_wconf 86' lang='lat' dir='ltr'><strong>coactu</strong></span> <span class='ocrx_word' id='word_1_227' title='bbox 242 3233 277 3288; x_wconf 88' lang='lat' dir='ltr'><strong><em>H</em></strong></span> <span class='ocrx_word' id='word_1_228' title='bbox 292 3239 355 3288; x_wconf 78' lang='lat' dir='ltr'><strong>cate</strong></span> <span class='ocrx_word' id='word_1_229' title='bbox 373 3251 427 3289; x_wconf 82' lang='lat' dir='ltr'><strong>ras.</strong></span> <span class='ocrx_word' id='word_1_230' title='bbox 448 3236 453 3304; x_wconf 81' lang='grc' dir='ltr'>Ι</span> <span class='ocrx_word' id='word_1_231' title='bbox 474 3240 489 3289; x_wconf 88' lang='grc'>9</span> <span class='ocrx_word' id='word_1_232' title='bbox 508 3233 640 3289; x_wconf 86' lang='lat' dir='ltr'><strong>timidum</strong></span> <span class='ocrx_word' id='word_1_233' title='bbox 658 3235 693 3289; x_wconf 88' lang='lat' dir='ltr'><strong><em>H</em></strong></span> <span class='ocrx_word' id='word_1_234' title='bbox 710 3238 714 3302; x_wconf 91' lang='grc' dir='ltr'>Ι</span> <span class='ocrx_word' id='word_1_235' title='bbox 739 3241 772 3289; x_wconf 80' lang='lat' dir='ltr'><strong>la</strong></span> <span class='ocrx_word' id='word_1_236' title='bbox 791 3233 851 3289; x_wconf 90' lang='lat' dir='ltr'><strong>eius</strong></span> <span class='ocrx_word' id='word_1_237' title='bbox 870 3233 906 3288; x_wconf 87' lang='lat' dir='ltr'><strong>ad</strong></span> <span class='ocrx_word' id='word_1_238' title='bbox 926 3233 985 3288; x_wconf 88' lang='lat' dir='ltr'><strong>eius</strong></span> <span class='ocrx_word' id='word_1_239' title='bbox 1004 3233 1055 3304; x_wconf 80' lang='lat' dir='ltr'><strong>Hl</strong></span> <span class='ocrx_word' id='word_1_240' title='bbox 1073 3238 1107 3288; x_wconf 81' lang='lat'><strong>14</strong></span> 
     </span>
     <span class='ocr_line' id='line_1_34' title="bbox 89 3304 1106 3376; baseline 0.004 -20"><span class='ocrx_word' id='word_1_241' title='bbox 89 3306 141 3358; x_wconf 86' lang='lat' dir='ltr'><strong>ant</strong></span> <span class='ocrx_word' id='word_1_242' title='bbox 158 3304 285 3369; x_wconf 82' lang='lat' dir='ltr'><strong>om.H¹l</strong></span> <span class='ocrx_word' id='word_1_243' title='bbox 312 3309 344 3359; x_wconf 80' lang='lat'><strong>15</strong></span> <span class='ocrx_word' id='word_1_244' title='bbox 363 3305 536 3374; x_wconf 81' lang='lat' dir='ltr'><strong>praesentari</strong></span> <span class='ocrx_word' id='word_1_245' title='bbox 555 3306 598 3360; x_wconf 88' lang='lat' dir='ltr'><strong>H¹</strong></span> <span class='ocrx_word' id='word_1_246' title='bbox 616 3308 620 3375; x_wconf 90' lang='grc' dir='ltr'>Ι</span> <span class='ocrx_word' id='word_1_247' title='bbox 641 3308 757 3374; x_wconf 90' lang='lat' dir='ltr'><strong>possent</strong></span> <span class='ocrx_word' id='word_1_248' title='bbox 769 3304 821 3376; x_wconf 87' lang='grc' dir='ltr'><strong>ΗΙ</strong></span> <span class='ocrx_word' id='word_1_249' title='bbox 843 3310 877 3359; x_wconf 80' lang='lat' dir='ltr'><strong>lt</strong></span> <span class='ocrx_word' id='word_1_250' title='bbox 895 3304 929 3359; x_wconf 92' lang='lat' dir='ltr'><strong>iis</strong></span> <span class='ocrx_word' id='word_1_251' title='bbox 946 3305 974 3358; x_wconf 93' lang='lat' dir='ltr'><strong><em>P</em></strong></span> <span class='ocrx_word' id='word_1_252' title='bbox 989 3306 993 3374; x_wconf 78' lang='lat' dir='ltr'><strong>l</strong></span> <span class='ocrx_word' id='word_1_253' title='bbox 1009 3307 1106 3360; x_wconf 89' lang='lat' dir='ltr'><strong>contu·</strong></span> 
     </span>
     <span class='ocr_line' id='line_1_35' title="bbox 89 3374 1079 3446; baseline 0.002 -19"><span class='ocrx_word' id='word_1_254' title='bbox 89 3374 171 3429; x_wconf 89' lang='lat' dir='ltr'><strong>lisset</strong></span> <span class='ocrx_word' id='word_1_255' title='bbox 188 3374 223 3428; x_wconf 89' lang='lat' dir='ltr'><em>H</em></span> <span class='ocrx_word' id='word_1_256' title='bbox 240 3377 244 3444; x_wconf 89' lang='grc' dir='ltr'>Ι</span> <span class='ocrx_word' id='word_1_257' title='bbox 267 3380 299 3429; x_wconf 85' lang='grc'><strong>17</strong></span> <span class='ocrx_word' id='word_1_258' title='bbox 318 3391 402 3444; x_wconf 86' lang='lat' dir='ltr'><strong>super</strong></span> <span class='ocrx_word' id='word_1_259' title='bbox 415 3375 450 3429; x_wconf 87' lang='lat' dir='ltr'><strong><em>H</em></strong></span> <span class='ocrx_word' id='word_1_260' title='bbox 466 3382 530 3432; x_wconf 76' lang='lat' dir='ltr'><strong>aete</strong></span> <span class='ocrx_word' id='word_1_261' title='bbox 547 3392 616 3431; x_wconf 82' lang='lat' dir='ltr'><strong>corr.</strong></span> <span class='ocrx_word' id='word_1_262' title='bbox 634 3377 637 3445; x_wconf 90' lang='grc' dir='ltr'>Ι</span> <span class='ocrx_word' id='word_1_263' title='bbox 656 3382 688 3430; x_wconf 83' lang='lat' dir='ltr'><strong>le</strong></span> <span class='ocrx_word' id='word_1_264' title='bbox 707 3377 821 3446; x_wconf 88' lang='lat' dir='ltr'><strong>patrata</strong></span> <span class='ocrx_word' id='word_1_265' title='bbox 834 3375 886 3430; x_wconf 82' lang='lat' dir='ltr'><strong>tP</strong></span> <span class='ocrx_word' id='word_1_266' title='bbox 905 3379 989 3446; x_wconf 85' lang='lat' dir='ltr'><strong>parta</strong></span> <span class='ocrx_word' id='word_1_267' title='bbox 1009 3377 1079 3430; x_wconf 81' lang='lat' dir='ltr'><strong>Oud.</strong></span> 
     </span>
     <span class='ocr_line' id='line_1_36' title="bbox 89 3446 1083 3516; baseline 0.001 -17"><span class='ocrx_word' id='word_1_268' title='bbox 89 3449 125 3500; x_wconf 76' lang='lat'><strong>20</strong></span> <span class='ocrx_word' id='word_1_269' title='bbox 143 3446 215 3501; x_wconf 55' lang='lat' dir='ltr'><strong>imm</strong></span> <span class='ocrx_word' id='word_1_270' title='bbox 229 3447 379 3516; x_wconf 72' lang='lat' dir='ltr'><strong>cumptum</strong></span> <span class='ocrx_word' id='word_1_271' title='bbox 392 3450 454 3514; x_wconf 61' lang='lat' dir='ltr'><strong>ae,</strong></span> <span class='ocrx_word' id='word_1_272' title='bbox 465 3452 498 3501; x_wconf 89' lang='lat'><strong>11</strong></span> <span class='ocrx_word' id='word_1_273' title='bbox 515 3450 520 3516; x_wconf 89' lang='grc' dir='ltr'>Ι</span> <span class='ocrx_word' id='word_1_274' title='bbox 543 3446 714 3502; x_wconf 88' lang='lat' dir='ltr'><strong>ariouixtum</strong></span> <span class='ocrx_word' id='word_1_275' title='bbox 729 3446 794 3500; x_wconf 89' lang='grc' dir='ltr'><strong>ΗΡ</strong></span> <span class='ocrx_word' id='word_1_276' title='bbox 806 3450 810 3515; x_wconf 89' lang='grc' dir='ltr'>Ι</span> <span class='ocrx_word' id='word_1_277' title='bbox 831 3453 866 3501; x_wconf 80' lang='lat'><strong>24</strong></span> <span class='ocrx_word' id='word_1_278' title='bbox 879 3446 1025 3502; x_wconf 87' lang='lat' dir='ltr'><strong>testimoni</strong></span> <span class='ocrx_word' id='word_1_279' title='bbox 1038 3447 1074 3500; x_wconf 86' lang='grc' dir='ltr'><strong>Η</strong></span> <span class='ocrx_word' id='word_1_280' title='bbox 1076 3447 1083 3478; x_wconf 89' lang='lat'><strong>¹</strong></span> 
     </span>
     <span class='ocr_line' id='line_1_37' title="bbox 89 3517 1107 3587; baseline -0.001 -17"><span class='ocrx_word' id='word_1_281' title='bbox 89 3517 257 3586; x_wconf 80' lang='lat' dir='ltr'><strong>cogerentur</strong></span> <span class='ocrx_word' id='word_1_282' title='bbox 268 3517 339 3584; x_wconf 87' lang='grc' dir='ltr'><strong>ΗΡ,</strong></span> <span class='ocrx_word' id='word_1_283' title='bbox 357 3533 426 3572; x_wconf 84' lang='lat' dir='ltr'><strong>corr.</strong></span> <span class='ocrx_word' id='word_1_284' title='bbox 441 3517 511 3574; x_wconf 84' lang='lat' dir='ltr'><strong>Ded.</strong></span> <span class='ocrx_word' id='word_1_285' title='bbox 531 3535 564 3572; x_wconf 79' lang='lat' dir='ltr'><strong>aa</strong></span> <span class='ocrx_word' id='word_1_286' title='bbox 583 3519 600 3573; x_wconf 84' lang='lat' dir='ltr'><strong>l.</strong></span> <span class='ocrx_word' id='word_1_287' title='bbox 619 3519 637 3574; x_wconf 87' lang='lat' dir='ltr'><strong>l.</strong></span> <span class='ocrx_word' id='word_1_288' title='bbox 654 3518 659 3587; x_wconf 86' lang='grc' dir='ltr'>Ι</span> <span class='ocrx_word' id='word_1_289' title='bbox 682 3523 716 3572; x_wconf 75' lang='grc'><strong>16</strong></span> <span class='ocrx_word' id='word_1_290' title='bbox 735 3518 784 3586; x_wconf 87' lang='lat' dir='ltr'><strong>qui</strong></span> <span class='ocrx_word' id='word_1_291' title='bbox 804 3519 850 3587; x_wconf 77' lang='lat' dir='ltr'><strong>Pl</strong></span> <span class='ocrx_word' id='word_1_292' title='bbox 870 3524 905 3573; x_wconf 78' lang='lat'><strong>2‘1</strong></span> <span class='ocrx_word' id='word_1_293' title='bbox 924 3519 1107 3586; x_wconf 85' lang='lat' dir='ltr'><strong>exasperatur</strong></span> 
     </span>
     <span class='ocr_line' id='line_1_38' title="bbox 89 3586 988 3660; baseline 0 -19"><span class='ocrx_word' id='word_1_294' title='bbox 89 3587 138 3656; x_wconf 88' lang='grc' dir='ltr'><strong>ΡΙ</strong></span> <span class='ocrx_word' id='word_1_295' title='bbox 160 3587 188 3659; x_wconf 87' lang='lat' dir='ltr'><strong>a]</strong></span> <span class='ocrx_word' id='word_1_296' title='bbox 209 3586 265 3643; x_wconf 87' lang='lat' dir='ltr'><strong>iam</strong></span> <span class='ocrx_word' id='word_1_297' title='bbox 284 3588 330 3643; x_wconf 81' lang='lat'><strong>11¹</strong></span> <span class='ocrx_word' id='word_1_298' title='bbox 350 3591 354 3657; x_wconf 91' lang='grc' dir='ltr'>Ι</span> <span class='ocrx_word' id='word_1_299' title='bbox 379 3593 413 3642; x_wconf 76' lang='grc'><strong>29</strong></span> <span class='ocrx_word' id='word_1_300' title='bbox 433 3587 573 3660; x_wconf 77' lang='lat' dir='ltr'><strong>legatoslls</strong></span> <span class='ocrx_word' id='word_1_301' title='bbox 588 3590 672 3654; x_wconf 81' lang='lat' dir='ltr'><strong>(duee</strong></span> <span class='ocrx_word' id='word_1_302' title='bbox 688 3589 744 3656; x_wconf 79' lang='lat' dir='ltr'><strong>fere</strong></span> <span class='ocrx_word' id='word_1_303' title='bbox 762 3590 814 3645; x_wconf 83' lang='lat' dir='ltr'><strong>litt.</strong></span> <span class='ocrx_word' id='word_1_304' title='bbox 833 3592 938 3655; x_wconf 65' lang='lat' dir='ltr'><strong>mosae)</strong></span> <span class='ocrx_word' id='word_1_305' title='bbox 953 3587 988 3641; x_wconf 88' lang='lat' dir='ltr'><em>H</em></span> 
     </span>
    </p>
   </div>
   <div class='ocr_carea' id='block_1_5' title="bbox 0 0 1312 4048">
    <p class='ocr_par' dir='ltr' id='par_1_8' title="bbox 0 0 1312 4048">
     <span class='ocr_line' id='line_1_39' title="bbox 0 0 1312 4048; baseline 0 4"><span class='ocrx_word' id='word_1_306' title='bbox 0 0 1312 4048; x_wconf 95' lang='lat' dir='ltr'><strong> </strong></span> 
     </span>
    </p>
   </div>
  </div>
 </body>
</html>
