2616 4048
438 223 548 279 LIBER
566 223 600 282 II.
628 221 706 281 cAP.
724 229 803 281 bnt.
1091 225 1133 290 73

182 387 213 454 4.
237 386 413 470 Hannibal,
432 407 506 454 cum
525 387 567 452 ad
580 386 839 453 Trasumennum
856 387 975 453 inclusi
993 387 1134 454 Romani

119 477 274 541 acerrime
288 479 482 562 pugnarent,
500 475 639 541 diductis
654 476 821 542 ordinibus
836 475 916 542 feeit
931 478 976 542 eis
992 478 1133 544 abeundi

117 568 314 651 potestatem
336 569 512 649 euntesque
533 565 603 630 sine
622 587 755 632 suorum
779 565 939 650 sanguine
962 568 1087 632 strauit.

183 653 213 718 5.
246 655 432 740 Antigonus
455 675 512 718 rex
534 653 748 720 Macedonum
771 655 914 737 Aetolis,
938 655 1052 740 quiin
1076 656 1132 721 ob·

117 741 275 807 sidionem
304 743 345 808 ab
376 765 415 809 eo
448 743 607 828 compulsi
639 743 725 808 fame
757 744 979 830 urguebantur
1012 748 1168 812 statue-s

116 835 254 916 rantque
275 832 446 920 eruptione
473 832 562 898 facta
584 832 756 914 commori,
787 833 874 897 uiam
902 833 1000 917 fugae
1028 833 1131 898 dedit:

116 922 212 1004 atque
248 921 296 986 ita
327 919 467 985 infracto
497 920 622 1004 impetu
649 941 762 984 eorum
797 920 963 986 insecutus
999 943 1132 987 auersos

116 1009 243 1074 cecidit.

184 1098 214 1162 6.
252 1096 427 1181 Agesilaus
459 1095 733 1160 Lacedaemonius
765 1095 922 1160 aduersus
951 1095 1134 1182 Thebanos,

116 1206 190 1252 cum
224 1186 291 1249 acie
323 1184 514 1267 confligeret
543 1183 820 1266 intellexissetque
847 1184 959 1248 hostes
987 1185 1133 1250 locorum
1153 1205 1188 1254 10

119 1270 310 1338 condicione
333 1272 460 1337 clausos
484 1272 525 1336 ob
545 1271 806 1355 desperationem
827 1271 946 1337 fortius
969 1273 1133 1359 dimicare,

1 1407 2 1411 ,
118 1361 238 1426 laxatis
261 1381 394 1426 snorum
418 1360 584 1425 ordinibus
609 1364 785 1444 apertaque
808 1361 972 1427 Thebanis
996 1362 1037 1427 ad
1061 1382 1133 1428 eua-

116 1449 256 1514 dendum
287 1449 356 1533 uia,
386 1471 500 1514 rursus
530 1450 565 1514 in
597 1448 746 1514 abeuntis
777 1451 941 1515 contraxit
969 1452 1071 1516 aciem
1101 1456 1134 1517 et

118 1539 187 1604 sine
210 1539 337 1604 iactura
360 1559 492 1604 suorum
515 1538 631 1603 cecidit
653 1558 794 1603 auersos.

185 1628 213 1692 7.
237 1625 293 1692 On
307 1625 448 1692 Manlius
468 1628 594 1711 consul,
617 1645 690 1692 cum
714 1648 752 1691 ex
771 1627 840 1692 acie
863 1648 1012 1692 reuersus
1036 1632 1134 1712 capta
1152 1645 1187 1696 15

117 1715 158 1780 ab
185 1715 333 1781 Etruscis
363 1715 587 1782 Romanorum
614 1719 723 1780 eastra
753 1716 947 1800 inuenisset,
980 1718 1132 1782 omnibus

115 1806 219 1888 portis
252 1804 396 1870 statione
428 1804 635 1871 circumdatis
671 1805 814 1870 inclusos
850 1804 962 1870 hostes
994 1806 1028 1870 in
1060 1827 1133 1871 eam

115 1893 241 1957 rabiem
273 1893 438 1976 efferauit,
469 1897 507 1958 ut
537 1893 609 1977 ipse
642 1893 677 1956 in
709 1893 833 1976 proelio
867 1893 1012 1959 caderet:
1046 1895 1132 1978 quod

115 1979 196 2062 <ut>
216 1981 513 2048 animaduertefflnt
531 1981 633 2066 legati
651 1981 730 2065 eius,
748 1981 790 2045 ab
808 2004 874 2046 una
891 1986 987 2065 porte
1006 1988 1133 2049 remota

116 2070 259 2134 statione
283 2070 405 2135 exitum
423 2069 571 2135 Etruscis
590 2069 748 2133 dederunt
766 2075 800 2133 et
818 2069 938 2134 effusos
961 2073 1131 2156 persecuti,
1150 2089 1187 2139 20

116 2161 304 2224 occurrente
327 2159 429 2228 altero
452 2157 586 2224 consule
609 2157 727 2239 Echio,
750 2158 943 2223 oeciderunt.

185 2247 214 2311 8.
237 2247 473 2312 Themistocles
491 2247 579 2310 uicto
597 2244 702 2311 Xerxe
725 2246 873 2310 uolentes
897 2267 972 2311 suos
995 2252 1131 2332 pontem
1200 2255 1225 2346 Ι)

116 2355 266 2416 rumpere
299 2333 481 2417 prohibuit,
513 2354 587 2398 cum
620 2333 783 2398 docuisset
815 2335 922 2417 aptius
955 2355 1025 2400 esse
1058 2358 1132 2400 eum
1205 2345 1229 2413 :l

117 2422 237 2506 expelli
257 2421 406 2507 Europa,
433 2444 531 2506 quam
559 2422 634 2507 cogi
661 2443 701 2486 ex
726 2421 954 2506 desperatione
976 2444 1132 2508 pugnare.
1207 2448 1211 2462 ·

115 2509 203 2576 idem
232 2510 323 2576 misit
345 2511 386 2575 ad
410 2532 500 2594 eum,
533 2511 589 2596 qui
619 2510 792 2594 indicaret,
824 2511 858 2576 in
891 2533 955 2596 quo
986 2513 1131 2597 periculo
1151 2531 1185 2580 ao

116 2603 216 2683 esset,
238 2601 304 2665 nisi
326 2599 440 2685 fugam
464 2603 654 2665 maturaret.

184 2689 214 2754 9.
244 2688 389 2774 Pyrrhus
411 2687 622 2773 Epirotarum
644 2709 714 2772 rex,
737 2709 810 2753 cum
834 2689 995 2774 quandam
1018 2690 1132 2755 ciuita-

113 2780 182 2842 tem
202 2778 354 2862 chpisset
380 2778 563 2863 clausisque
595 2776 700 2861 portis
728 2798 767 2841 ex
795 2778 910 2844 ultima
937 2779 1131 2845 necessitate

189 2958 202 3006 1
223 2955 431 3020 trasymannum
455 2951 487 3005 H
512 2950 715 3007 trasimennum
733 2951 783 3018 ΡΙ
805 2951 909 3006 inclusi
927 2953 1054 3022 germani
1073 2954 1132 3020 (aad

115 3021 208 3092 sigar
225 3024 243 3077 b
261 3025 293 3075 iu
310 3027 380 3090 ras.)
397 3021 467 3090 ΗΡ,
486 3039 534 3080 em.
549 3021 629 3076 Statu.
654 3026 658 3086 Ι
679 3027 695 3101 2
715 3019 826 3076 diducti
842 3022 888 3077 H¹
912 3027 916 3090 Ι
942 3029 958 3077 8
977 3025 1131 3147 euntesffie

115 3093 166 3147 oP
177 3109 231 3162 que
245 3093 280 3146 Η
285 3093 309 3146 ¹:
325 3093 421 3148 malim
438 3093 630 3160 abeuntesque
646 3097 650 3153 Ι
667 3107 726 3146 eme
741 3108 853 3146 suorum
871 3093 889 3145 b
906 3095 939 3147 ia
955 3109 1010 3150 rus.
1028 3099 1065 3158 14
1120 3123 1131 3134 -

114 3163 228 3234 tigonus
246 3163 286 3228 H,
304 3165 351 3220 secl
368 3163 436 3244 igon
453 3164 485 3218 ia
502 3179 559 3218 rus.
572 3163 610 3229 bl
635 3161 755 3232 Aetolis]
776 3164 805 3217 et
822 3161 899 3217 horis
918 3163 963 3232 ΡΙ
986 3169 1002 3217 c
1026 3166 1131 3218 statue·

114 3233 275 3302 rentqueH
290 3239 295 3299 Ι
313 3239 345 3287 11
364 3232 533 3289 dimicarent
551 3233 586 3287 H
600 3239 665 3288 cate
685 3247 741 3288 ras.
758 3235 763 3300 Ι
780 3237 813 3286 12
828 3233 939 3288 laxatus
958 3233 1002 3287 11¹
1018 3234 1023 3304 Ι
1041 3241 1073 3289 13
1087 3235 1131 3289 in-

115 3304 283 3360 abeuntibns
305 3304 339 3357 Η
353 3306 357 3373 Ι
375 3309 408 3358 15
428 3303 560 3359 manilius
578 3303 648 3372 ΗΡ,
667 3319 736 3358 corr.
755 3304 814 3360 edd.
832 3306 836 3370 l
855 3309 887 3358 1⁶
905 3320 1082 3360 romanorum
1100 3306 1135 3360 H

116 3381 181 3430 octe
202 3391 257 3431 rus.
276 3390 393 3429 romana
410 3375 473 3430 bP:
495 3377 585 3430 amolo
603 3392 642 3429 aa
660 3374 780 3428 alicam
797 3375 846 3443 sit,
870 3375 905 3442 cf.
920 3376 1011 3444 praef.
1030 3377 1051 3448 ἕ
1068 3381 1104 3432 13

118 3451 151 3500 19
170 3448 203 3500 ut
221 3446 285 3502 cdd.
304 3445 364 3502 edd.
381 3447 385 3514 Ι
402 3446 695 3501 animaduerteutesd
722 3449 727 3511 Ι
756 3446 841 3513 porta
860 3445 928 3501 Orod.
947 3449 1027 3516 parte
1048 3448 1112 3503 ΗΡ

115 3517 219 3573 remoti
231 3516 283 3583 ΗΙ
299 3521 333 3570 2³
353 3515 462 3571 cautim
482 3517 552 3571 Oad.
575 3516 579 3587 1
599 3532 663 3570 eum
682 3531 745 3570 cum
763 3516 798 3570 Η
824 3520 828 3584 Ι
856 3521 891 3571 24
910 3531 944 3572 ex
961 3516 1107 3587 Europad

116 3594 151 3642 26
169 3589 339 3643 maturasset
351 3587 397 3656 ΡΙ
418 3592 452 3642 2⁷
471 3587 573 3656 Pyrrus
587 3586 654 3640 ΗΡ
