2616 4048
469 206 578 263 LIBER
595 209 629 266 Il.
657 208 735 264 CAP.
755 214 781 264 b.
1089 209 1132 274 59

185 373 214 439 5.
248 370 421 455 Thamyris
449 366 643 454 Scytharum
670 373 785 458 regina
812 370 934 456 Cyrum
961 371 1133 438 Persarum

116 465 233 529 ducem
260 481 364 544 aequo
387 459 490 524 Marte
518 463 697 526 certantem
724 461 877 526 simulato
905 465 996 526 metu
1023 461 1134 526 elicuit

116 553 159 618 ad
181 555 278 617 notas
300 549 400 614 militi
423 570 481 614 suo
505 549 675 634 angustias
700 553 797 634 atque
819 549 880 632 ibi,
902 552 1035 636 repente
1058 570 1133 616 con·

117 661 213 707 uerso
236 639 381 724 agmine,
403 641 522 702 natura
543 638 609 705 loci
632 637 745 703 adiuta
768 637 897 704 decicit.

186 729 218 795 6.
246 725 405 811 Aegyptii
428 727 610 792 conflicturi
633 727 701 792 acie
723 726 759 791 in
782 727 829 792 eis
852 727 989 812 campis,
1016 727 1133 812 quibus
1152 744 1172 822 ⁶.

117 819 248 884 iunctae
265 815 401 900 paludes
420 818 524 900 erant,
543 814 663 901 alg<a>
682 837 737 881 eas
755 819 967 881 contexerunt
984 817 1133 882 commis-

118 927 220 992 soque
246 905 371 988 proelio
393 902 508 989 fugam
530 904 724 971 simulantes
752 905 788 969 in
815 903 952 970 insidias
977 904 1132 988 (hostes)

116 997 350 1077 euocaucrunt,
373 993 430 1077 qui
447 992 592 1077 rapidius
610 1015 669 1078 per
686 993 801 1078 ignota
819 994 940 1059 inuecti
963 994 1034 1059 loca
1055 994 1133 1059 limo

116 1085 328 1152 inhaeserunt
350 1081 624 1165 circumuentique
647 1087 731 1148 sunt

187 1174 216 1236 i.
247 1169 407 1254 Viriatus,
435 1191 475 1238 ex
501 1171 629 1236 latrone
656 1171 720 1236 dux
743 1168 994 1254 Celtiberorum,
1022 1169 1133 1236 cedere
1154 1188 1186 1237 ιο

118 1283 155 1327 se
172 1259 331 1325 Romanis
354 1259 517 1343 equitibus
542 1259 699 1325 simulans
723 1279 823 1344 usque
848 1258 889 1324 ad
911 1260 1018 1324 locum
1041 1279 1134 1323 uora-

119 1350 273 1435 ginosum
296 1350 329 1411 et
350 1348 534 1431 praealtum
560 1368 616 1413 eos
639 1345 790 1431 perduxit
813 1351 858 1425 et,
888 1348 1053 1430 cumipse
1076 1368 1134 1431 per

117 1437 243 1504 solidos
276 1457 314 1501 ac
344 1439 440 1501 notos
455 1501 459 1510 ,
475 1435 540 1501 sibi
576 1437 735 1502 transitus
768 1437 932 1518 euaderet,
967 1435 1133 1502 Romanos

118 1527 254 1613 ignaros
277 1524 423 1590 locorum
445 1525 669 1610 immersosque
691 1525 771 1591 limo
795 1525 919 1592 cecidit.

185 1615 215 1680 8.
246 1613 380 1678 Fuluius
402 1613 581 1697 imperator
600 1612 763 1680 Cimbrico
785 1614 873 1679 bello
897 1615 1035 1680 conlatis
1061 1634 1133 1678 cum
1154 1627 1186 1678 15

117 1704 213 1768 hoste
236 1702 353 1767 castris
372 1703 497 1785 equites
517 1722 592 1766 suos
610 1702 709 1767 iussit
726 1702 895 1768 succedere
919 1702 960 1768 ad
982 1701 1132 1768 munitio·
1180 1707 1184 1718 “

117 1813 178 1857 nes
196 1813 308 1857 eorum
325 1791 550 1875 lacessitisque
568 1790 716 1856 barbaris
736 1791 886 1856 simulata
904 1791 984 1877 fuga
997 1789 1133 1876 regredi.

117 1881 181 1945 hoc
200 1900 274 1946 curn
296 1900 354 1964 per
376 1879 503 1964 aliquot
521 1877 590 1944 dies
608 1879 751 1963 fecisset,
775 1880 867 1945 auide
887 1879 1133 1964 insequentibus

116 1967 274 2050 Cimbris,
293 1967 522 2034 animaduertit
540 1973 647 2033 castra
666 1989 777 2034 eorum
799 1969 897 2034 solite
916 1968 1041 2033 nudari.
1073 1969 1133 2033 ita-

117 2078 182 2142 que
209 2078 267 2141 per
289 2060 414 2140 partem
438 2057 597 2122 exercitus
620 2057 784 2123 custodita
807 2056 1041 2122 consuetudine
1063 2057 1134 2141 ipse
1153 2073 1186 2123 ao

116 2167 191 2211 cum
219 2144 378 2229 expeditis
405 2150 480 2229 post
507 2149 615 2211 castra
641 2145 785 2211 hostium
813 2145 961 2212 consedit
988 2145 1133 2211 occultus

117 2234 291 2318 effusisque
321 2234 368 2299 eis
397 2255 436 2298 ex
462 2256 552 2300 more
582 2237 716 2318 repente
749 2229 881 2298 adortus
910 2238 944 2299 et
970 2233 1133 2300 desertum

117 2323 247 2408 proruit
268 2323 392 2387 uallum
415 2326 449 2387 et
471 2326 579 2387 castra
601 2321 695 2406 cepit.

186 2411 216 2477 9.
248 2409 307 2476 On.
328 2410 479 2494 Fuluius,
510 2433 584 2475 cum
616 2411 652 2476 in
679 2409 797 2476 finibus
824 2410 947 2475 nostris
975 2410 1133 2474 exercitus

115 2499 322 2565 Faliscorum
347 2500 446 2583 longe
473 2500 719 2566 nostro-maior
746 2502 853 2567 castra
874 2499 1049 2583 posuisset,
1077 2519 1134 2582 per
1152 2513 1186 2564 au

119 2610 197 2654 suos
220 2587 342 2653 milites
360 2588 520 2672 quaedam
537 2589 651 2672 procul
669 2611 689 2654 a
708 2589 822 2655 castris
841 2586 988 2654 aedificia
1006 2607 1133 2654 succen-

116 2677 181 2758 dit,
208 2681 246 2742 ut
268 2675 390 2742 Falisci
418 2698 493 2742 suos
521 2677 555 2742 id
581 2677 698 2743 fecisse
726 2679 890 2744 credentes
915 2697 971 2762 spe
994 2676 1133 2760 praedae

116 2764 382 2830 diffunderentur.

188 2854 240 2918 10.
263 2853 447 2919 Alexander
465 2854 618 2940 Epirotes
638 2855 793 2920 aduersus
812 2855 943 2938 Illyrios
963 2854 1134 2920 conlocata

192 3017 207 3065 1.
226 3010 345 3066 Tomiris
365 3011 394 3064 P
416 3015 420 3075 1
446 3009 619 3066 schitharum
636 3012 727 3080 (prior
744 3012 763 3065 h
782 3015 855 3082 exp.)
872 3011 908 3066 H
932 3009 1066 3064 scitorum
1082 3009 1111 3063 P
1129 3008 1132 3078 l

117 3087 136 3136 3
154 3085 236 3138 notos
250 3081 293 3136 Η1
310 3083 315 3150 Ι
331 3098 395 3136 suos
409 3081 444 3137 H
459 3087 523 3136 onte
539 3097 594 3137 ras.
611 3085 615 3141 1
633 3083 758 3150 talgeas
772 3081 808 3135 H
812 3082 846 3147 P,
864 3095 933 3136 corr.
948 3081 968 3135 d
983 3085 987 3146 Ι
1005 3085 1020 3134 7
1039 3080 1134 3133 hostes

117 3155 209 3222 suppl.
228 3154 262 3218 d;
280 3153 350 3220 sorte
368 3153 480 3208 Persas:
500 3153 534 3217 cf.
550 3157 579 3219 2,
594 3156 679 3216 3,13.
699 3153 829 3224 Polyaen.
843 3155 871 3217 2,
884 3152 941 3222 161
963 3154 996 3205 10
1015 3147 1134 3205 Celtibe·

118 3239 214 3278 rorum
236 3225 301 3278 eicit
320 3222 389 3277 Oud.
421 3221 622 3279 Lusitanorum
640 3223 725 3277 Ded„-
747 3224 782 3288 cf.
797 3222 889 3292 praef.
907 3221 929 3294 ἕ
948 3227 983 3278 11
1012 3223 1018 3304 l
1047 3226 1078 3274 11
1104 3236 1133 3276 ee

116 3309 170 3348 om.
190 3293 234 3348 H¹
258 3297 264 3362 Ι
288 3292 492 3360 uoraginistum
519 3295 560 3358 (st
584 3295 616 3348 io
638 3309 693 3347 ras.
711 3294 741 3363 li)
764 3293 800 3348 H
821 3297 825 3362 Ι
852 3298 885 3348 15
913 3294 1054 3364 cymbrrco
1073 3291 1138 3346 ΗΡ

119 3363 290 3419 Celtiberico
302 3363 372 3419 Oud.
386 3365 446 3420 coil.
456 3364 523 3420 Liu.
532 3369 578 3430 40,
587 3367 710 3420 30-32:
723 3365 756 3430 cf.
767 3364 856 3432 praef.
865 3364 887 3435 ἕ
896 3370 929 3420 11
947 3368 951 3432 Ι
968 3364 1094 3420 conlatus
1103 3363 1137 3417 H

118 3440 184 3490 uate
196 3451 251 3490 ras.
269 3436 273 3500 Ι
291 3441 323 3489 11
338 3433 500 3506 simulatalss
510 3438 576 3504 (que
590 3437 673 3502 eras.)
687 3434 722 3489 H
735 3439 739 3504 Ι
756 3440 789 3489 19
804 3435 924 3504 cymbris
934 3436 968 3490 H
970 3435 999 3489 P
1013 3434 1134 3490 Celtibe-

116 3504 159 3560 ris
175 3505 266 3572 Oudl
288 3511 322 3561 20
340 3521 438 3576 peren
450 3506 567 3576 proHl
583 3511 616 3560 27
635 3505 734 3561 fecisse
752 3507 827 3561 seH
839 3507 843 3574 1
860 3512 894 3561 29
908 3505 1037 3576 Epirotes
1051 3505 1134 3559 Zerb-

117 3578 226 3632 messer
248 3577 365 3646 epirotia
379 3576 414 3630 H
434 3592 469 3632 ex
487 3575 603 3646 epirotia
617 3577 646 3630 P
665 3593 714 3631 rex
727 3577 907 3647 Epirotarum
921 3578 940 3632 d
955 3583 960 3644 1
980 3575 1088 3644 yllirios
1101 3575 1138 3630 H
