<?xml version="1.0" encoding="UTF-8"?>
<!DOCTYPE html PUBLIC "-//W3C//DTD XHTML 1.0 Transitional//EN"
    "http://www.w3.org/TR/xhtml1/DTD/xhtml1-transitional.dtd">
<html xmlns="http://www.w3.org/1999/xhtml" xml:lang="en" lang="en">
 <head>
  <title>
</title>
<meta http-equiv="Content-Type" content="text/html;charset=utf-8" />
  <meta name='ocr-system' content='tesseract 3.04.00' />
  <meta name='ocr-capabilities' content='ocr_page ocr_carea ocr_par ocr_line ocrx_word'/>
</head>
<body>
  <div class='ocr_page' id='page_1' title='image "./ivlifrontinistr02gundgoog_0047.png"; bbox 0 0 2616 4048; ppageno 0'>
   <div class='ocr_carea' id='block_1_1' title="bbox 201 215 1021 286">
    <p class='ocr_par' dir='ltr' id='par_1_1' title="bbox 201 215 1021 286">
     <span class='ocr_line' id='line_1_1' title="bbox 201 215 1021 286; baseline -0.002 -11"><span class='ocrx_word' id='word_1_1' title='bbox 201 221 244 286; x_wconf 80' lang='grc'><strong>22</strong></span> <span class='ocrx_word' id='word_1_2' title='bbox 406 219 482 276; x_wconf 88' lang='lat' dir='ltr'>IULI</span> <span class='ocrx_word' id='word_1_3' title='bbox 500 218 680 276; x_wconf 84' lang='lat' dir='ltr'><strong>FRONTINI</strong></span> <span class='ocrx_word' id='word_1_4' title='bbox 698 215 1021 274; x_wconf 75' lang='lat' dir='ltr'>STRATEGEMATON</span> 
     </span>
    </p>
   </div>
   <div class='ocr_carea' id='block_1_2' title="bbox 147 381 1300 3028">
    <p class='ocr_par' dir='ltr' id='par_1_2' title="bbox 199 381 1300 736">
     <span class='ocr_line' id='line_1_2' title="bbox 200 381 1216 468; baseline -0.004 -18"><span class='ocrx_word' id='word_1_5' title='bbox 200 384 332 463; x_wconf 87' lang='lat' dir='ltr'><strong>collem,</strong></span> <span class='ocrx_word' id='word_1_6' title='bbox 355 404 394 448; x_wconf 89' lang='lat' dir='ltr'><strong>ex</strong></span> <span class='ocrx_word' id='word_1_7' title='bbox 417 403 480 468; x_wconf 89' lang='lat' dir='ltr'><strong>quo</strong></span> <span class='ocrx_word' id='word_1_8' title='bbox 504 405 587 449; x_wconf 92' lang='lat' dir='ltr'><strong>unus</strong></span> <span class='ocrx_word' id='word_1_9' title='bbox 612 383 653 448; x_wconf 87' lang='lat' dir='ltr'><strong>ad</strong></span> <span class='ocrx_word' id='word_1_10' title='bbox 676 381 906 468; x_wconf 87' lang='lat' dir='ltr'><strong>opprimendos</strong></span> <span class='ocrx_word' id='word_1_11' title='bbox 930 381 1020 466; x_wconf 87' lang='lat' dir='ltr'><strong>ipsos</strong></span> <span class='ocrx_word' id='word_1_12' title='bbox 1044 381 1216 446; x_wconf 80' lang='lat' dir='ltr'>descensus</span> 
     </span>
     <span class='ocr_line' id='line_1_3' title="bbox 200 469 1217 557; baseline -0.005 -17"><span class='ocrx_word' id='word_1_13' title='bbox 200 477 284 552; x_wconf 85' lang='lat' dir='ltr'><strong>erat,</strong></span> <span class='ocrx_word' id='word_1_14' title='bbox 306 475 401 538; x_wconf 89' lang='lat' dir='ltr'><strong>nocte</strong></span> <span class='ocrx_word' id='word_1_15' title='bbox 419 472 531 557; x_wconf 87' lang='lat' dir='ltr'><strong>paucis</strong></span> <span class='ocrx_word' id='word_1_16' title='bbox 550 471 639 538; x_wconf 84' lang='lat' dir='ltr'><strong>intra</strong></span> <span class='ocrx_word' id='word_1_17' title='bbox 657 475 765 538; x_wconf 87' lang='lat' dir='ltr'><strong>castra</strong></span> <span class='ocrx_word' id='word_1_18' title='bbox 783 471 905 536; x_wconf 88' lang='lat' dir='ltr'><strong>relictis</strong></span> <span class='ocrx_word' id='word_1_19' title='bbox 924 469 1113 555; x_wconf 87' lang='lat' dir='ltr'><strong>imperauit,</strong></span> <span class='ocrx_word' id='word_1_20' title='bbox 1137 471 1217 535; x_wconf 91' lang='lat' dir='ltr'><strong>mul-</strong></span> 
     </span>
     <span class='ocr_line' id='line_1_4' title="bbox 200 559 1217 646; baseline -0.004 -18"><span class='ocrx_word' id='word_1_21' title='bbox 200 567 252 628; x_wconf 92' lang='lat' dir='ltr'><strong>tos</strong></span> <span class='ocrx_word' id='word_1_22' title='bbox 285 561 378 646; x_wconf 87' lang='lat' dir='ltr'><strong>ignes</strong></span> <span class='ocrx_word' id='word_1_23' title='bbox 410 561 570 646; x_wconf 89' lang='lat' dir='ltr'><strong>facerent,</strong></span> <span class='ocrx_word' id='word_1_24' title='bbox 607 561 785 645; x_wconf 90' lang='lat' dir='ltr'><strong>eductoque</strong></span> <span class='ocrx_word' id='word_1_25' title='bbox 818 559 960 626; x_wconf 90' lang='lat' dir='ltr'><strong>exercitu</strong></span> <span class='ocrx_word' id='word_1_26' title='bbox 992 562 1026 624; x_wconf 91' lang='lat' dir='ltr'><strong>et</strong></span> <span class='ocrx_word' id='word_1_27' title='bbox 1057 560 1217 644; x_wconf 88' lang='lat' dir='ltr'><strong>disposito</strong></span> 
     </span>
     <span class='ocr_line' id='line_1_5' title="bbox 199 648 1300 736; baseline 0.001 -19"><span class='ocrx_word' id='word_1_28' title='bbox 199 653 285 718; x_wconf 89' lang='lat' dir='ltr'><strong>circa</strong></span> <span class='ocrx_word' id='word_1_29' title='bbox 312 651 417 716; x_wconf 87' lang='lat' dir='ltr'><strong>latera</strong></span> <span class='ocrx_word' id='word_1_30' title='bbox 443 650 628 736; x_wconf 76' lang='lat' dir='ltr'>praedictae</span> <span class='ocrx_word' id='word_1_31' title='bbox 655 650 729 715; x_wconf 88' lang='lat' dir='ltr'><strong>uiae</strong></span> <span class='ocrx_word' id='word_1_32' title='bbox 756 670 872 735; x_wconf 87' lang='lat' dir='ltr'><strong>passus</strong></span> <span class='ocrx_word' id='word_1_33' title='bbox 901 652 952 715; x_wconf 89' lang='lat' dir='ltr'><strong>est</strong></span> <span class='ocrx_word' id='word_1_34' title='bbox 978 649 1117 714; x_wconf 88' lang='lat' dir='ltr'><strong>transire</strong></span> <span class='ocrx_word' id='word_1_35' title='bbox 1146 648 1218 713; x_wconf 87' lang='lat' dir='ltr'><strong>bar·</strong></span> <span class='ocrx_word' id='word_1_36' title='bbox 1299 701 1300 718; x_wconf 55' lang='lat'>2</span> 
     </span>
    </p>

    <p class='ocr_par' dir='ltr' id='par_1_3' title="bbox 165 737 1218 1003">
     <span class='ocr_line' id='line_1_6' title="bbox 165 737 1218 824; baseline -0.003 -19"><span class='ocrx_word' id='word_1_37' title='bbox 165 741 312 808; x_wconf 79' lang='lat' dir='ltr'><strong>charos:</strong></span> <span class='ocrx_word' id='word_1_38' title='bbox 343 739 551 824; x_wconf 89' lang='lat' dir='ltr'><strong>locorumque</strong></span> <span class='ocrx_word' id='word_1_39' title='bbox 579 739 764 824; x_wconf 73' lang='lat' dir='ltr'><strong>iniquitate,</strong></span> <span class='ocrx_word' id='word_1_40' title='bbox 792 738 828 803; x_wconf 92' lang='lat' dir='ltr'><strong>in</strong></span> <span class='ocrx_word' id='word_1_41' title='bbox 851 759 915 822; x_wconf 89' lang='lat' dir='ltr'><strong>qua</strong></span> <span class='ocrx_word' id='word_1_42' title='bbox 941 738 1011 822; x_wconf 89' lang='lat' dir='ltr'><strong>ipse</strong></span> <span class='ocrx_word' id='word_1_43' title='bbox 1034 737 1154 821; x_wconf 86' lang='lat' dir='ltr'><strong>fuerat,</strong></span> <span class='ocrx_word' id='word_1_44' title='bbox 1182 738 1218 802; x_wconf 93' lang='lat' dir='ltr'><strong>in</strong></span> 
     </span>
     <span class='ocr_line' id='line_1_7' title="bbox 199 825 1218 913; baseline -0.005 -18"><span class='ocrx_word' id='word_1_45' title='bbox 199 829 273 895; x_wconf 89' lang='lat' dir='ltr'><strong>illos</strong></span> <span class='ocrx_word' id='word_1_46' title='bbox 306 848 474 910; x_wconf 87' lang='lat' dir='ltr'><strong>conuersa,</strong></span> <span class='ocrx_word' id='word_1_47' title='bbox 506 833 600 913; x_wconf 87' lang='lat' dir='ltr'><strong>parte</strong></span> <span class='ocrx_word' id='word_1_48' title='bbox 633 829 791 893; x_wconf 88' lang='lat' dir='ltr'><strong>exercitus</strong></span> <span class='ocrx_word' id='word_1_49' title='bbox 823 831 917 912; x_wconf 85' lang='lat' dir='ltr'><strong>terga</strong></span> <span class='ocrx_word' id='word_1_50' title='bbox 949 848 1060 892; x_wconf 89' lang='lat' dir='ltr'><strong>eorum</strong></span> <span class='ocrx_word' id='word_1_51' title='bbox 1094 825 1218 911; x_wconf 90' lang='lat' dir='ltr'><strong>cecidit,</strong></span> 
     </span>
     <span class='ocr_line' id='line_1_8' title="bbox 198 918 541 1003; baseline -0.003 -21"><span class='ocrx_word' id='word_1_52' title='bbox 198 920 291 1003; x_wconf 89' lang='lat' dir='ltr'><strong>parte</strong></span> <span class='ocrx_word' id='word_1_53' title='bbox 314 920 424 983; x_wconf 88' lang='lat' dir='ltr'><strong>castra</strong></span> <span class='ocrx_word' id='word_1_54' title='bbox 447 918 541 1000; x_wconf 88' lang='lat' dir='ltr'><strong>oepit.</strong></span> 
     </span>
    </p>

    <p class='ocr_par' dir='ltr' id='par_1_4' title="bbox 199 1003 1218 1180">
     <span class='ocr_line' id='line_1_9' title="bbox 266 1003 1218 1090; baseline -0.003 -18"><span class='ocrx_word' id='word_1_55' title='bbox 266 1005 319 1072; x_wconf 83' lang='lat'><strong>25.</strong></span> <span class='ocrx_word' id='word_1_56' title='bbox 342 1004 474 1085; x_wconf 90' lang='lat' dir='ltr'><strong>Darius,</strong></span> <span class='ocrx_word' id='word_1_57' title='bbox 498 1008 535 1070; x_wconf 92' lang='lat' dir='ltr'><strong>ut</strong></span> <span class='ocrx_word' id='word_1_58' title='bbox 557 1004 689 1070; x_wconf 83' lang='lat' dir='ltr'><strong>falleret</strong></span> <span class='ocrx_word' id='word_1_59' title='bbox 707 1003 844 1090; x_wconf 79' lang='lat' dir='ltr'><strong>Scythas</strong></span> <span class='ocrx_word' id='word_1_60' title='bbox 868 1004 1025 1088; x_wconf 75' lang='lat' dir='ltr'><strong>discessu,</strong></span> <span class='ocrx_word' id='word_1_61' title='bbox 1049 1025 1144 1069; x_wconf 84' lang='lat' dir='ltr'><strong>canes</strong></span> <span class='ocrx_word' id='word_1_62' title='bbox 1168 1007 1218 1069; x_wconf 78' lang='lat' dir='ltr'><strong>at</strong></span> 
     </span>
     <span class='ocr_line' id='line_1_10' title="bbox 199 1093 1217 1180; baseline -0.002 -20"><span class='ocrx_word' id='word_1_63' title='bbox 199 1117 260 1180; x_wconf 91' lang='lat' dir='ltr'><strong>que</strong></span> <span class='ocrx_word' id='word_1_64' title='bbox 294 1095 403 1160; x_wconf 87' lang='lat' dir='ltr'><strong>asinos</strong></span> <span class='ocrx_word' id='word_1_65' title='bbox 435 1095 471 1160; x_wconf 92' lang='lat' dir='ltr'><strong>in</strong></span> <span class='ocrx_word' id='word_1_66' title='bbox 502 1095 621 1161; x_wconf 85' lang='lat' dir='ltr'><strong>caetris</strong></span> <span class='ocrx_word' id='word_1_67' title='bbox 653 1093 796 1178; x_wconf 89' lang='lat' dir='ltr'><strong>reliquit:</strong></span> <span class='ocrx_word' id='word_1_68' title='bbox 833 1113 914 1178; x_wconf 87' lang='lat' dir='ltr'><strong>quos</strong></span> <span class='ocrx_word' id='word_1_69' title='bbox 947 1114 1020 1159; x_wconf 91' lang='lat' dir='ltr'><strong>cum</strong></span> <span class='ocrx_word' id='word_1_70' title='bbox 1056 1094 1217 1159; x_wconf 87' lang='lat' dir='ltr'><strong>latrantes</strong></span> 
     </span>
    </p>

    <p class='ocr_par' dir='ltr' id='par_1_5' title="bbox 148 1181 1217 1269">
     <span class='ocr_line' id='line_1_11' title="bbox 148 1181 1217 1269; baseline -0.002 -19"><span class='ocrx_word' id='word_1_71' title='bbox 148 1201 181 1251; x_wconf 89' lang='lat'><strong>10</strong></span> <span class='ocrx_word' id='word_1_72' title='bbox 200 1185 416 1269; x_wconf 90' lang='lat' dir='ltr'><strong>rudentesque</strong></span> <span class='ocrx_word' id='word_1_73' title='bbox 454 1183 560 1249; x_wconf 88' lang='lat' dir='ltr'><strong>hostis</strong></span> <span class='ocrx_word' id='word_1_74' title='bbox 598 1183 738 1267; x_wconf 90' lang='lat' dir='ltr'><strong>audiret,</strong></span> <span class='ocrx_word' id='word_1_75' title='bbox 779 1203 946 1248; x_wconf 85' lang='lat' dir='ltr'><strong>remanere</strong></span> <span class='ocrx_word' id='word_1_76' title='bbox 977 1181 1112 1248; x_wconf 90' lang='lat' dir='ltr'><strong>Darium</strong></span> <span class='ocrx_word' id='word_1_77' title='bbox 1151 1203 1217 1248; x_wconf 91' lang='lat' dir='ltr'><strong>cre-</strong></span> 
     </span>
    </p>

    <p class='ocr_par' dir='ltr' id='par_1_6' title="bbox 199 1359 1300 1623">
     <span class='ocr_line' id='line_1_12' title="bbox 266 1359 1218 1446; baseline -0.002 -20"><span class='ocrx_word' id='word_1_78' title='bbox 266 1361 320 1426; x_wconf 83' lang='lat'><strong>26.</strong></span> <span class='ocrx_word' id='word_1_79' title='bbox 342 1359 491 1426; x_wconf 82' lang='lat' dir='ltr'><strong>Eundem</strong></span> <span class='ocrx_word' id='word_1_80' title='bbox 515 1381 657 1427; x_wconf 86' lang='lat' dir='ltr'><strong>errorem</strong></span> <span class='ocrx_word' id='word_1_81' title='bbox 676 1360 835 1427; x_wconf 89' lang='lat' dir='ltr'><strong>obiecturi</strong></span> <span class='ocrx_word' id='word_1_82' title='bbox 857 1360 980 1425; x_wconf 88' lang='lat' dir='ltr'><strong>nostris</strong></span> <span class='ocrx_word' id='word_1_83' title='bbox 998 1359 1135 1445; x_wconf 82' lang='lat' dir='ltr'><strong>Ligures</strong></span> <span class='ocrx_word' id='word_1_84' title='bbox 1158 1381 1218 1446; x_wconf 89' lang='lat' dir='ltr'><strong>per</strong></span> 
     </span>
     <span class='ocr_line' id='line_1_13' title="bbox 200 1449 1217 1534; baseline -0.002 -19"><span class='ocrx_word' id='word_1_85' title='bbox 200 1449 329 1516; x_wconf 87' lang='lat' dir='ltr'><strong>diuersa</strong></span> <span class='ocrx_word' id='word_1_86' title='bbox 355 1450 429 1514; x_wconf 88' lang='lat' dir='ltr'><strong>loca</strong></span> <span class='ocrx_word' id='word_1_87' title='bbox 455 1449 592 1516; x_wconf 89' lang='lat' dir='ltr'><strong>buculos</strong></span> <span class='ocrx_word' id='word_1_88' title='bbox 620 1450 745 1534; x_wconf 77' lang='lat' dir='ltr'><strong>laqueis</strong></span> <span class='ocrx_word' id='word_1_89' title='bbox 770 1449 812 1514; x_wconf 95' lang='lat' dir='ltr'><strong>ad</strong></span> <span class='ocrx_word' id='word_1_90' title='bbox 834 1450 966 1514; x_wconf 89' lang='lat' dir='ltr'><strong>arbores</strong></span> <span class='ocrx_word' id='word_1_91' title='bbox 990 1449 1217 1534; x_wconf 87' lang='lat' dir='ltr'><strong>alligauerunt,</strong></span> 
     </span>
     <span class='ocr_line' id='line_1_14' title="bbox 199 1537 1300 1623; baseline -0.002 -19"><span class='ocrx_word' id='word_1_92' title='bbox 199 1539 255 1623; x_wconf 91' lang='lat' dir='ltr'><strong>qui</strong></span> <span class='ocrx_word' id='word_1_93' title='bbox 278 1537 400 1604; x_wconf 77' lang='lat' dir='ltr'><strong>diducti</strong></span> <span class='ocrx_word' id='word_1_94' title='bbox 423 1538 642 1621; x_wconf 85' lang='lat' dir='ltr'><strong>frequentiore</strong></span> <span class='ocrx_word' id='word_1_95' title='bbox 667 1539 795 1623; x_wconf 81' lang='lat' dir='ltr'><strong>mugitu</strong></span> <span class='ocrx_word' id='word_1_96' title='bbox 818 1539 958 1623; x_wconf 87' lang='lat' dir='ltr'><strong>speciem</strong></span> <span class='ocrx_word' id='word_1_97' title='bbox 981 1538 1217 1603; x_wconf 87' lang='lat' dir='ltr'><strong>remanentium</strong></span> <span class='ocrx_word' id='word_1_98' title='bbox 1299 1567 1300 1574; x_wconf 44' lang='lat'>¹</span> 
     </span>
    </p>

    <p class='ocr_par' dir='ltr' id='par_1_7' title="bbox 149 1625 576 1714">
     <span class='ocr_line' id='line_1_15' title="bbox 149 1625 576 1714; baseline -0.007 -20"><span class='ocrx_word' id='word_1_99' title='bbox 149 1627 402 1714; x_wconf 73' lang='lat' dir='ltr'><strong>represserant</strong></span> <span class='ocrx_word' id='word_1_100' title='bbox 423 1625 576 1692; x_wconf 86' lang='lat' dir='ltr'><strong>hostium.</strong></span> 
     </span>
    </p>

    <p class='ocr_par' dir='ltr' id='par_1_8' title="bbox 198 1714 1217 2068">
     <span class='ocr_line' id='line_1_16' title="bbox 266 1714 1217 1799; baseline -0.001 -18"><span class='ocrx_word' id='word_1_101' title='bbox 266 1717 318 1782; x_wconf 78' lang='lat'><strong>27.</strong></span> <span class='ocrx_word' id='word_1_102' title='bbox 351 1714 484 1799; x_wconf 89' lang='lat' dir='ltr'><strong>Hanno,</strong></span> <span class='ocrx_word' id='word_1_103' title='bbox 513 1717 554 1780; x_wconf 90' lang='lat' dir='ltr'><strong>ab</strong></span> <span class='ocrx_word' id='word_1_104' title='bbox 577 1715 729 1780; x_wconf 85' lang='lat' dir='ltr'><strong>hostibus</strong></span> <span class='ocrx_word' id='word_1_105' title='bbox 754 1717 897 1798; x_wconf 88' lang='lat' dir='ltr'><strong>clausus,</strong></span> <span class='ocrx_word' id='word_1_106' title='bbox 920 1716 1028 1780; x_wconf 91' lang='lat' dir='ltr'><strong>locum</strong></span> <span class='ocrx_word' id='word_1_107' title='bbox 1051 1715 1217 1799; x_wconf 85' lang='lat' dir='ltr'><strong>eruptioni</strong></span> 
     </span>
     <span class='ocr_line' id='line_1_17' title="bbox 201 1803 1216 1890; baseline -0.001 -20"><span class='ocrx_word' id='word_1_108' title='bbox 201 1804 340 1870; x_wconf 84' lang='lat' dir='ltr'><strong>maxime</strong></span> <span class='ocrx_word' id='word_1_109' title='bbox 359 1808 472 1888; x_wconf 83' lang='lat' dir='ltr'><strong>aptum</strong></span> <span class='ocrx_word' id='word_1_110' title='bbox 492 1804 635 1890; x_wconf 78' lang='lat' dir='ltr'><strong>adgestis</strong></span> <span class='ocrx_word' id='word_1_111' title='bbox 654 1805 781 1870; x_wconf 89' lang='lat' dir='ltr'><strong>leuibus</strong></span> <span class='ocrx_word' id='word_1_112' title='bbox 801 1803 946 1870; x_wconf 89' lang='lat' dir='ltr'><strong>materiis</strong></span> <span class='ocrx_word' id='word_1_113' title='bbox 965 1803 1122 1869; x_wconf 81' lang='lat' dir='ltr'><strong>incendit:</strong></span> <span class='ocrx_word' id='word_1_114' title='bbox 1145 1808 1216 1869; x_wconf 89' lang='lat' dir='ltr'><strong>tum</strong></span> 
     </span>
     <span class='ocr_line' id='line_1_18' title="bbox 198 1892 1216 1960; baseline 0 -2"><span class='ocrx_word' id='word_1_115' title='bbox 198 1894 294 1960; x_wconf 88' lang='lat' dir='ltr'><strong>hoste</strong></span> <span class='ocrx_word' id='word_1_116' title='bbox 323 1892 364 1958; x_wconf 86' lang='lat' dir='ltr'><strong>ad</strong></span> <span class='ocrx_word' id='word_1_117' title='bbox 387 1895 511 1959; x_wconf 90' lang='lat' dir='ltr'><strong>ceteros</strong></span> <span class='ocrx_word' id='word_1_118' title='bbox 540 1894 645 1959; x_wconf 87' lang='lat' dir='ltr'><strong>exitus</strong></span> <span class='ocrx_word' id='word_1_119' title='bbox 673 1893 901 1959; x_wconf 87' lang='lat' dir='ltr'><strong>custodiendos</strong></span> <span class='ocrx_word' id='word_1_120' title='bbox 930 1896 1067 1958; x_wconf 85' lang='lat' dir='ltr'><strong>auocato</strong></span> <span class='ocrx_word' id='word_1_121' title='bbox 1095 1892 1216 1958; x_wconf 90' lang='lat' dir='ltr'><strong>milites</strong></span> 
     </span>
     <span class='ocr_line' id='line_1_19' title="bbox 198 1981 1217 2068; baseline -0.001 -20"><span class='ocrx_word' id='word_1_122' title='bbox 198 2003 256 2068; x_wconf 90' lang='lat' dir='ltr'><strong>per</strong></span> <span class='ocrx_word' id='word_1_123' title='bbox 292 1982 398 2068; x_wconf 86' lang='lat' dir='ltr'><strong>ipsam</strong></span> <span class='ocrx_word' id='word_1_124' title='bbox 434 1982 600 2048; x_wconf 89' lang='lat' dir='ltr'><strong>flammam</strong></span> <span class='ocrx_word' id='word_1_125' title='bbox 636 1982 761 2068; x_wconf 85' lang='lat' dir='ltr'><strong>eduxit,</strong></span> <span class='ocrx_word' id='word_1_126' title='bbox 798 1981 982 2047; x_wconf 92' lang='lat' dir='ltr'><strong>admonitos</strong></span> <span class='ocrx_word' id='word_1_127' title='bbox 1016 2003 1073 2047; x_wconf 89' lang='lat' dir='ltr'><strong>ora</strong></span> <span class='ocrx_word' id='word_1_128' title='bbox 1105 1982 1217 2065; x_wconf 88' lang='lat' dir='ltr'><strong>scutis,</strong></span> 
     </span>
    </p>

    <p class='ocr_par' dir='ltr' id='par_1_9' title="bbox 148 2075 649 2158">
     <span class='ocr_line' id='line_1_20' title="bbox 148 2075 649 2158; baseline -0.002 -21"><span class='ocrx_word' id='word_1_129' title='bbox 148 2086 184 2138; x_wconf 78' lang='lat'><strong>20</strong></span> <span class='ocrx_word' id='word_1_130' title='bbox 202 2093 296 2138; x_wconf 85' lang='lat' dir='ltr'><strong>crura</strong></span> <span class='ocrx_word' id='word_1_131' title='bbox 319 2075 410 2137; x_wconf 90' lang='lat' dir='ltr'><strong>ueste</strong></span> <span class='ocrx_word' id='word_1_132' title='bbox 433 2075 612 2158; x_wconf 88' lang='lat' dir='ltr'><strong>contegere.</strong></span> <span class='ocrx_word' id='word_1_133' title='bbox 644 2139 649 2148; x_wconf 62' lang='grc'>,</span> 
     </span>
    </p>

    <p class='ocr_par' dir='ltr' id='par_1_10' title="bbox 200 2158 1299 2513">
     <span class='ocr_line' id='line_1_21' title="bbox 268 2158 1299 2245; baseline -0.002 -19"><span class='ocrx_word' id='word_1_134' title='bbox 268 2161 319 2227; x_wconf 82' lang='lat'><strong>28.</strong></span> <span class='ocrx_word' id='word_1_135' title='bbox 349 2158 531 2244; x_wconf 79' lang='lat' dir='ltr'><strong>Hannibal,</strong></span> <span class='ocrx_word' id='word_1_136' title='bbox 558 2164 595 2225; x_wconf 92' lang='lat' dir='ltr'><strong>ut</strong></span> <span class='ocrx_word' id='word_1_137' title='bbox 617 2160 825 2245; x_wconf 89' lang='lat' dir='ltr'><strong>iniquitatem</strong></span> <span class='ocrx_word' id='word_1_138' title='bbox 847 2158 992 2225; x_wconf 88' lang='lat' dir='ltr'><strong>locorum</strong></span> <span class='ocrx_word' id='word_1_139' title='bbox 1017 2162 1050 2224; x_wconf 91' lang='lat' dir='ltr'><strong>et</strong></span> <span class='ocrx_word' id='word_1_140' title='bbox 1071 2159 1219 2244; x_wconf 87' lang='lat' dir='ltr'><strong>inopiam</strong></span> <span class='ocrx_word' id='word_1_141' title='bbox 1297 2193 1299 2236; x_wconf 73' lang='grc'><em>;</em></span> 
     </span>
     <span class='ocr_line' id='line_1_22' title="bbox 200 2247 1219 2333; baseline -0.002 -19"><span class='ocrx_word' id='word_1_142' title='bbox 200 2249 344 2315; x_wconf 87' lang='lat' dir='ltr'><strong>instante</strong></span> <span class='ocrx_word' id='word_1_143' title='bbox 363 2248 465 2315; x_wconf 85' lang='lat' dir='ltr'><strong>Fabio</strong></span> <span class='ocrx_word' id='word_1_144' title='bbox 484 2248 629 2315; x_wconf 86' lang='lat' dir='ltr'><strong>Maximo</strong></span> <span class='ocrx_word' id='word_1_145' title='bbox 649 2249 817 2333; x_wconf 88' lang='lat' dir='ltr'><strong>effugeret,</strong></span> <span class='ocrx_word' id='word_1_146' title='bbox 839 2251 938 2314; x_wconf 91' lang='lat' dir='ltr'><strong>noctu</strong></span> <span class='ocrx_word' id='word_1_147' title='bbox 961 2248 1076 2333; x_wconf 87' lang='lat' dir='ltr'><strong>boues,</strong></span> <span class='ocrx_word' id='word_1_148' title='bbox 1098 2247 1219 2332; x_wconf 89' lang='lat' dir='ltr'><strong>quibus</strong></span> 
     </span>
     <span class='ocr_line' id='line_1_23' title="bbox 201 2336 1299 2424; baseline -0.001 -21"><span class='ocrx_word' id='word_1_149' title='bbox 201 2337 242 2403; x_wconf 89' lang='lat' dir='ltr'><strong>ad</strong></span> <span class='ocrx_word' id='word_1_150' title='bbox 259 2360 382 2406; x_wconf 88' lang='lat' dir='ltr'><strong>cornua</strong></span> <span class='ocrx_word' id='word_1_151' title='bbox 400 2338 573 2405; x_wconf 88' lang='lat' dir='ltr'><strong>fasciculos</strong></span> <span class='ocrx_word' id='word_1_152' title='bbox 594 2338 791 2424; x_wconf 86' lang='lat' dir='ltr'><strong>alligauerat</strong></span> <span class='ocrx_word' id='word_1_153' title='bbox 809 2343 1056 2420; x_wconf 89' lang='lat' dir='ltr'><strong>sarmentorum,</strong></span> <span class='ocrx_word' id='word_1_154' title='bbox 1070 2336 1219 2402; x_wconf 90' lang='lat' dir='ltr'><strong>subiecto</strong></span> <span class='ocrx_word' id='word_1_155' title='bbox 1298 2417 1299 2422; x_wconf 5' lang='grc' dir='ltr'>ἵ</span> 
     </span>
     <span class='ocr_line' id='line_1_24' title="bbox 200 2425 1299 2513; baseline -0.001 -22"><span class='ocrx_word' id='word_1_156' title='bbox 200 2429 277 2513; x_wconf 91' lang='lat' dir='ltr'><strong>igne</strong></span> <span class='ocrx_word' id='word_1_157' title='bbox 306 2428 446 2510; x_wconf 82' lang='lat' dir='ltr'><strong>dimisit3</strong></span> <span class='ocrx_word' id='word_1_158' title='bbox 475 2449 611 2513; x_wconf 89' lang='lat' dir='ltr'><strong>cumque</strong></span> <span class='ocrx_word' id='word_1_159' title='bbox 639 2427 711 2511; x_wconf 85' lang='lat' dir='ltr'><strong>ipsc</strong></span> <span class='ocrx_word' id='word_1_160' title='bbox 739 2429 832 2492; x_wconf 92' lang='lat' dir='ltr'><strong>motu</strong></span> <span class='ocrx_word' id='word_1_161' title='bbox 860 2426 1064 2492; x_wconf 89' lang='lat' dir='ltr'><strong>adolescente</strong></span> <span class='ocrx_word' id='word_1_162' title='bbox 1086 2425 1220 2490; x_wconf 86' lang='lat' dir='ltr'><strong>flamma</strong></span> <span class='ocrx_word' id='word_1_163' title='bbox 1298 2465 1299 2476; x_wconf 48' lang='lat'><strong>,</strong></span> 
     </span>
    </p>

    <p class='ocr_par' dir='ltr' id='par_1_11' title="bbox 147 2511 1299 3022">
     <span class='ocr_line' id='line_1_25' title="bbox 147 2511 1299 2600; baseline -0.003 -18"><span class='ocrx_word' id='word_1_164' title='bbox 147 2533 182 2584; x_wconf 78' lang='lat'><strong>25</strong></span> <span class='ocrx_word' id='word_1_165' title='bbox 200 2517 385 2582; x_wconf 88' lang='lat' dir='ltr'><strong>turbaretur</strong></span> <span class='ocrx_word' id='word_1_166' title='bbox 404 2537 510 2600; x_wconf 87' lang='lat' dir='ltr'><strong>pecus,</strong></span> <span class='ocrx_word' id='word_1_167' title='bbox 529 2535 650 2600; x_wconf 89' lang='lat' dir='ltr'><strong>magna</strong></span> <span class='ocrx_word' id='word_1_168' title='bbox 669 2514 904 2580; x_wconf 87' lang='lat' dir='ltr'><strong>discursatione</strong></span> <span class='ocrx_word' id='word_1_169' title='bbox 923 2518 1060 2594; x_wconf 87' lang='lat' dir='ltr'><strong>montes,</strong></span> <span class='ocrx_word' id='word_1_170' title='bbox 1083 2514 1220 2600; x_wconf 87' lang='lat' dir='ltr'><strong>inques</strong></span> <span class='ocrx_word' id='word_1_171' title='bbox 1298 2511 1299 2522; x_wconf 44' lang='lat'>*</span> 
     </span>
     <span class='ocr_line' id='line_1_26' title="bbox 200 2602 1299 2688; baseline -0.003 -18"><span class='ocrx_word' id='word_1_172' title='bbox 200 2607 309 2671; x_wconf 85' lang='lat' dir='ltr'><strong>actum</strong></span> <span class='ocrx_word' id='word_1_173' title='bbox 337 2607 419 2687; x_wconf 87' lang='lat' dir='ltr'><strong>erat,</strong></span> <span class='ocrx_word' id='word_1_174' title='bbox 448 2605 674 2669; x_wconf 89' lang='lat' dir='ltr'><strong>conlustrauit.</strong></span> <span class='ocrx_word' id='word_1_175' title='bbox 714 2602 868 2686; x_wconf 84' lang='lat' dir='ltr'><strong>Romani,</strong></span> <span class='ocrx_word' id='word_1_176' title='bbox 895 2603 951 2688; x_wconf 90' lang='lat' dir='ltr'><strong>qui</strong></span> <span class='ocrx_word' id='word_1_177' title='bbox 980 2602 1021 2669; x_wconf 89' lang='lat' dir='ltr'><strong>ad</strong></span> <span class='ocrx_word' id='word_1_178' title='bbox 1051 2603 1222 2686; x_wconf 86' lang='lat' dir='ltr'><strong>speculan·</strong></span> <span class='ocrx_word' id='word_1_179' title='bbox 1298 2609 1299 2612; x_wconf 73' lang='grc'>’</span> 
     </span>
     <span class='ocr_line' id='line_1_27' title="bbox 202 2691 1299 2777; baseline 0.001 -21"><span class='ocrx_word' id='word_1_180' title='bbox 202 2692 279 2757; x_wconf 90' lang='lat' dir='ltr'><strong>dum</strong></span> <span class='ocrx_word' id='word_1_181' title='bbox 298 2696 538 2777; x_wconf 85' lang='lat' dir='ltr'><strong>concurrerant,</strong></span> <span class='ocrx_word' id='word_1_182' title='bbox 555 2693 662 2776; x_wconf 86' lang='lat' dir='ltr'><strong>primo</strong></span> <span class='ocrx_word' id='word_1_183' title='bbox 680 2692 866 2777; x_wconf 88' lang='lat' dir='ltr'><strong>prodigium</strong></span> <span class='ocrx_word' id='word_1_184' title='bbox 884 2692 1011 2776; x_wconf 84' lang='lat' dir='ltr'><strong>opinati</strong></span> <span class='ocrx_word' id='word_1_185' title='bbox 1029 2696 1119 2776; x_wconf 81' lang='lat' dir='ltr'><strong>sunt3</strong></span> <span class='ocrx_word' id='word_1_186' title='bbox 1144 2691 1221 2757; x_wconf 91' lang='lat' dir='ltr'><strong>dein</strong></span> <span class='ocrx_word' id='word_1_187' title='bbox 1298 2727 1299 2734; x_wconf 44' lang='lat'>1</span> 
     </span>
     <span class='ocr_line' id='line_1_28' title="bbox 201 2779 1223 2866; baseline -0.001 -20"><span class='ocrx_word' id='word_1_188' title='bbox 201 2801 274 2846; x_wconf 89' lang='lat' dir='ltr'><strong>cum</strong></span> <span class='ocrx_word' id='word_1_189' title='bbox 303 2785 392 2846; x_wconf 87' lang='lat' dir='ltr'><strong>certa</strong></span> <span class='ocrx_word' id='word_1_190' title='bbox 414 2779 517 2846; x_wconf 84' lang='lat' dir='ltr'><strong>Fabio</strong></span> <span class='ocrx_word' id='word_1_191' title='bbox 545 2781 800 2866; x_wconf 90' lang='lat' dir='ltr'><strong>renuntiassent,</strong></span> <span class='ocrx_word' id='word_1_192' title='bbox 828 2781 885 2848; x_wconf 94' lang='lat' dir='ltr'><strong>ille</strong></span> <span class='ocrx_word' id='word_1_193' title='bbox 912 2781 1106 2847; x_wconf 86' lang='lat' dir='ltr'><strong>insidiarum</strong></span> <span class='ocrx_word' id='word_1_194' title='bbox 1129 2785 1223 2845; x_wconf 90' lang='lat' dir='ltr'><strong>metu</strong></span> 
     </span>
     <span class='ocr_line' id='line_1_29' title="bbox 201 2869 1224 3022; baseline -0.001 -86"><span class='ocrx_word' id='word_1_195' title='bbox 201 2891 277 3022; x_wconf 71' lang='lat' dir='ltr'><strong>quos</strong></span> <span class='ocrx_word' id='word_1_196' title='bbox 302 2869 418 2934; x_wconf 87' lang='lat' dir='ltr'><strong>castris</strong></span> <span class='ocrx_word' id='word_1_197' title='bbox 446 2869 622 2935; x_wconf 84' lang='lat' dir='ltr'><strong>continuit:</strong></span> <span class='ocrx_word' id='word_1_198' title='bbox 654 2871 787 2936; x_wconf 89' lang='lat' dir='ltr'><strong>barbari</strong></span> <span class='ocrx_word' id='word_1_199' title='bbox 820 2869 999 2936; x_wconf 86' lang='lat' dir='ltr'><strong>obsistente</strong></span> <span class='ocrx_word' id='word_1_200' title='bbox 1026 2869 1116 2935; x_wconf 92' lang='lat' dir='ltr'><strong>nullo</strong></span> <span class='ocrx_word' id='word_1_201' title='bbox 1144 2891 1224 2954; x_wconf 88' lang='lat' dir='ltr'><strong>pro·</strong></span> 
     </span>
    </p>

    <p class='ocr_par' dir='ltr' id='par_1_12' title="bbox 148 2958 1299 3028">
     <span class='ocr_line' id='line_1_30' title="bbox 148 2958 1299 3028; baseline -0.007 0"><span class='ocrx_word' id='word_1_202' title='bbox 148 2978 183 3028; x_wconf 84' lang='lat'><strong>30</strong></span> <span class='ocrx_word' id='word_1_203' title='bbox 216 2958 280 3024; x_wconf 91' lang='lat' dir='ltr'><strong>ecti</strong></span> <span class='ocrx_word' id='word_1_204' title='bbox 304 2961 388 3023; x_wconf 91' lang='lat' dir='ltr'><strong>sunt.</strong></span> <span class='ocrx_word' id='word_1_205' title='bbox 1298 2969 1299 2972; x_wconf 75' lang='grc'>’</span> 
     </span>
    </p>
   </div>
   <div class='ocr_carea' id='block_1_3' title="bbox 202 3149 1224 3577">
    <p class='ocr_par' dir='ltr' id='par_1_13' title="bbox 202 3149 1224 3577">
     <span class='ocr_line' id='line_1_31' title="bbox 275 3149 1200 3224; baseline -0.001 -18"><span class='ocrx_word' id='word_1_206' title='bbox 275 3157 289 3206; x_wconf 99' lang='grc'><strong>1</strong></span> <span class='ocrx_word' id='word_1_207' title='bbox 304 3153 435 3209; x_wconf 88' lang='lat' dir='ltr'><strong>decessus</strong></span> <span class='ocrx_word' id='word_1_208' title='bbox 446 3151 481 3208; x_wconf 90' lang='lat' dir='ltr'><strong><em>H</em></strong></span> <span class='ocrx_word' id='word_1_209' title='bbox 482 3151 491 3184; x_wconf 80' lang='lat'>²</span> <span class='ocrx_word' id='word_1_210' title='bbox 506 3153 511 3222; x_wconf 90' lang='grc'><strong>1</strong></span> <span class='ocrx_word' id='word_1_211' title='bbox 527 3157 543 3206; x_wconf 78' lang='lat'><strong>2</strong></span> <span class='ocrx_word' id='word_1_212' title='bbox 557 3152 647 3208; x_wconf 89' lang='lat' dir='ltr'><strong>multo</strong></span> <span class='ocrx_word' id='word_1_213' title='bbox 661 3153 750 3224; x_wconf 84' lang='lat' dir='ltr'><strong>lignes</strong></span> <span class='ocrx_word' id='word_1_214' title='bbox 760 3151 804 3207; x_wconf 81' lang='grc' dir='ltr'><strong>Ηι</strong></span> <span class='ocrx_word' id='word_1_215' title='bbox 817 3154 825 3222; x_wconf 86' lang='grc' dir='ltr'><strong>ΙΙ</strong></span> <span class='ocrx_word' id='word_1_216' title='bbox 841 3158 859 3208; x_wconf 83' lang='lat'>4</span> <span class='ocrx_word' id='word_1_217' title='bbox 872 3151 1018 3222; x_wconf 84' lang='lat' dir='ltr'><strong>praedicta</strong></span> <span class='ocrx_word' id='word_1_218' title='bbox 1027 3149 1062 3208; x_wconf 87' lang='grc' dir='ltr'>Η</span> <span class='ocrx_word' id='word_1_219' title='bbox 1066 3151 1101 3218; x_wconf 86' lang='grc' dir='ltr'><strong>Ρ,</strong></span> <span class='ocrx_word' id='word_1_220' title='bbox 1119 3151 1200 3206; x_wconf 71' lang='lat' dir='ltr'><strong>etad</strong></span> 
     </span>
     <span class='ocr_line' id='line_1_32' title="bbox 202 3221 1197 3308; baseline 0.001 -31"><span class='ocrx_word' id='word_1_221' title='bbox 202 3227 218 3278; x_wconf 77' lang='lat'><strong>5</strong></span> <span class='ocrx_word' id='word_1_222' title='bbox 237 3223 300 3294; x_wconf 85' lang='lat' dir='ltr'><strong>ipsa</strong></span> <span class='ocrx_word' id='word_1_223' title='bbox 318 3224 353 3306; x_wconf 71' lang='lat' dir='ltr'><strong>ld</strong></span> <span class='ocrx_word' id='word_1_224' title='bbox 366 3227 370 3294; x_wconf 86' lang='grc' dir='ltr'>Ι</span> <span class='ocrx_word' id='word_1_225' title='bbox 397 3229 412 3279; x_wconf 82' lang='lat'><strong>&#39;1</strong></span> <span class='ocrx_word' id='word_1_226' title='bbox 432 3222 508 3305; x_wconf 79' lang='lat' dir='ltr'><strong>cepit</strong></span> <span class='ocrx_word' id='word_1_227' title='bbox 518 3223 612 3308; x_wconf 26' lang='lat' dir='ltr'><strong>‘cuper</strong></span> <span class='ocrx_word' id='word_1_228' title='bbox 629 3223 699 3280; x_wconf 81' lang='lat' dir='ltr'><strong>fecit</strong></span> <span class='ocrx_word' id='word_1_229' title='bbox 712 3221 747 3280; x_wconf 87' lang='grc' dir='ltr'><em>Η</em></span> <span class='ocrx_word' id='word_1_230' title='bbox 750 3223 778 3276; x_wconf 94' lang='grc' dir='ltr'><strong><em>Ρ</em></strong></span> <span class='ocrx_word' id='word_1_231' title='bbox 793 3225 797 3292; x_wconf 86' lang='grc' dir='ltr'>Ι</span> <span class='ocrx_word' id='word_1_232' title='bbox 822 3227 839 3278; x_wconf 84' lang='lat'>8</span> <span class='ocrx_word' id='word_1_233' title='bbox 858 3224 965 3306; x_wconf 76' lang='lat' dir='ltr'><strong>Dareus</strong></span> <span class='ocrx_word' id='word_1_234' title='bbox 979 3223 1014 3292; x_wconf 92' lang='lat' dir='ltr'><strong>P,</strong></span> <span class='ocrx_word' id='word_1_235' title='bbox 1031 3224 1095 3278; x_wconf 77' lang='lat' dir='ltr'><strong>item</strong></span> <span class='ocrx_word' id='word_1_236' title='bbox 1112 3221 1197 3288; x_wconf 76' lang='lat' dir='ltr'><strong>infra</strong></span> 
     </span>
     <span class='ocr_line' id='line_1_33' title="bbox 204 3291 1224 3379; baseline -0.002 -31"><span class='ocrx_word' id='word_1_237' title='bbox 204 3299 238 3348; x_wconf 91' lang='lat'><strong>10</strong></span> <span class='ocrx_word' id='word_1_238' title='bbox 257 3295 346 3350; x_wconf 82' lang='lat' dir='ltr'><strong>bostrs</strong></span> <span class='ocrx_word' id='word_1_239' title='bbox 360 3293 401 3362; x_wconf 85' lang='lat' dir='ltr'><strong>H,</strong></span> <span class='ocrx_word' id='word_1_240' title='bbox 418 3296 465 3350; x_wconf 82' lang='lat' dir='ltr'><strong>aed</strong></span> <span class='ocrx_word' id='word_1_241' title='bbox 483 3311 494 3348; x_wconf 92' lang='lat'>1</span> <span class='ocrx_word' id='word_1_242' title='bbox 512 3312 544 3352; x_wconf 80' lang='lat' dir='ltr'><strong>m</strong></span> <span class='ocrx_word' id='word_1_243' title='bbox 556 3312 612 3352; x_wconf 81' lang='lat' dir='ltr'><strong>ras.</strong></span> <span class='ocrx_word' id='word_1_244' title='bbox 626 3295 644 3348; x_wconf 82' lang='lat' dir='ltr'><strong>t</strong></span> <span class='ocrx_word' id='word_1_245' title='bbox 660 3301 665 3364; x_wconf 84' lang='grc' dir='ltr'>Ι</span> <span class='ocrx_word' id='word_1_246' title='bbox 682 3299 715 3348; x_wconf 78' lang='lat'><strong>12</strong></span> <span class='ocrx_word' id='word_1_247' title='bbox 734 3293 864 3365; x_wconf 82' lang='lat' dir='ltr'><strong>Lrgures]</strong></span> <span class='ocrx_word' id='word_1_248' title='bbox 884 3291 988 3379; x_wconf 80' lang='lat' dir='ltr'><strong>S1lurss</strong></span> <span class='ocrx_word' id='word_1_249' title='bbox 1007 3295 1077 3350; x_wconf 88' lang='lat' dir='ltr'><strong>Ded.</strong></span> <span class='ocrx_word' id='word_1_250' title='bbox 1094 3296 1099 3360; x_wconf 81' lang='grc' dir='ltr'>Ι</span> <span class='ocrx_word' id='word_1_251' title='bbox 1117 3297 1150 3348; x_wconf 84' lang='grc'><strong>13</strong></span> <span class='ocrx_word' id='word_1_252' title='bbox 1169 3291 1224 3347; x_wconf 90' lang='lat' dir='ltr'><strong>bu-</strong></span> 
     </span>
     <span class='ocr_line' id='line_1_34' title="bbox 203 3362 1224 3449; baseline -0.005 -27"><span class='ocrx_word' id='word_1_253' title='bbox 203 3365 281 3449; x_wconf 78' lang='lat' dir='ltr'><strong>culos</strong></span> <span class='ocrx_word' id='word_1_254' title='bbox 299 3366 318 3420; x_wconf 91' lang='lat' dir='ltr'><strong>d</strong></span> <span class='ocrx_word' id='word_1_255' title='bbox 336 3363 566 3422; x_wconf 86' lang='lat' dir='ltr'><strong>bucabulosHP</strong></span> <span class='ocrx_word' id='word_1_256' title='bbox 581 3365 702 3420; x_wconf 89' lang='lat' dir='ltr'><strong>bubalos</strong></span> <span class='ocrx_word' id='word_1_257' title='bbox 720 3366 801 3446; x_wconf 72' lang='lat' dir='ltr'><strong>edd]</strong></span> <span class='ocrx_word' id='word_1_258' title='bbox 819 3370 854 3420; x_wconf 83' lang='lat'><strong>14</strong></span> <span class='ocrx_word' id='word_1_259' title='bbox 872 3365 1030 3421; x_wconf 84' lang='lat' dir='ltr'><strong>deductrH</strong></span> <span class='ocrx_word' id='word_1_260' title='bbox 1034 3365 1068 3430; x_wconf 90' lang='lat' dir='ltr'><strong>P,</strong></span> <span class='ocrx_word' id='word_1_261' title='bbox 1086 3379 1135 3420; x_wconf 79' lang='lat' dir='ltr'><strong>ern.</strong></span> <span class='ocrx_word' id='word_1_262' title='bbox 1148 3362 1224 3419; x_wconf 80' lang='lat' dir='ltr'><strong>Oud.</strong></span> 
     </span>
     <span class='ocr_line' id='line_1_35' title="bbox 202 3434 1223 3520; baseline -0.003 -28"><span class='ocrx_word' id='word_1_263' title='bbox 202 3436 279 3492; x_wconf 87' lang='lat' dir='ltr'><strong>edrto</strong></span> <span class='ocrx_word' id='word_1_264' title='bbox 294 3435 374 3518; x_wconf 61' lang='lat' dir='ltr'><strong>§tera</strong></span> <span class='ocrx_word' id='word_1_265' title='bbox 392 3439 396 3503; x_wconf 88' lang='grc' dir='ltr'>Ι</span> <span class='ocrx_word' id='word_1_266' title='bbox 414 3441 447 3492; x_wconf 81' lang='lat'><strong>1‘1</strong></span> <span class='ocrx_word' id='word_1_267' title='bbox 461 3453 525 3520; x_wconf 78' lang='lat' dir='ltr'><strong>cum</strong></span> <span class='ocrx_word' id='word_1_268' title='bbox 539 3437 611 3504; x_wconf 84' lang='grc' dir='ltr'><strong>ΗΡ,</strong></span> <span class='ocrx_word' id='word_1_269' title='bbox 624 3453 672 3492; x_wconf 84' lang='lat' dir='ltr'><strong>em.</strong></span> <span class='ocrx_word' id='word_1_270' title='bbox 687 3437 706 3492; x_wconf 86' lang='lat' dir='ltr'><strong>d</strong></span> <span class='ocrx_word' id='word_1_271' title='bbox 722 3440 726 3504; x_wconf 93' lang='grc' dir='ltr'>Ι</span> <span class='ocrx_word' id='word_1_272' title='bbox 743 3443 778 3492; x_wconf 80' lang='lat'><strong>24</strong></span> <span class='ocrx_word' id='word_1_273' title='bbox 790 3453 855 3519; x_wconf 63' lang='lat'><strong>39⁵⁰.</strong></span> <span class='ocrx_word' id='word_1_274' title='bbox 866 3436 902 3491; x_wconf 90' lang='lat' dir='ltr'><strong><em>H</em></strong></span> <span class='ocrx_word' id='word_1_275' title='bbox 914 3438 918 3508; x_wconf 92' lang='grc' dir='ltr'>Ι</span> <span class='ocrx_word' id='word_1_276' title='bbox 935 3437 1113 3493; x_wconf 83' lang='lat' dir='ltr'><strong>adulescente</strong></span> <span class='ocrx_word' id='word_1_277' title='bbox 1123 3434 1223 3508; x_wconf 74' lang='lat' dir='ltr'><strong>H¹Pl</strong></span> 
     </span>
     <span class='ocr_line' id='line_1_36' title="bbox 203 3507 911 3577; baseline 0 -15"><span class='ocrx_word' id='word_1_278' title='bbox 203 3513 237 3563; x_wconf 76' lang='grc'><strong>17</strong></span> <span class='ocrx_word' id='word_1_279' title='bbox 256 3507 357 3564; x_wconf 85' lang='lat' dir='ltr'><strong>derude</strong></span> <span class='ocrx_word' id='word_1_280' title='bbox 375 3509 395 3566; x_wconf 89' lang='lat' dir='ltr'><strong>d</strong></span> <span class='ocrx_word' id='word_1_281' title='bbox 415 3511 419 3576; x_wconf 91' lang='grc' dir='ltr'>Ι</span> <span class='ocrx_word' id='word_1_282' title='bbox 444 3513 478 3564; x_wconf 81' lang='lat'><strong>28</strong></span> <span class='ocrx_word' id='word_1_283' title='bbox 497 3508 546 3566; x_wconf 85' lang='lat' dir='ltr'><strong>rlle</strong></span> <span class='ocrx_word' id='word_1_284' title='bbox 565 3507 600 3563; x_wconf 94' lang='lat' dir='ltr'><strong>de</strong></span> <span class='ocrx_word' id='word_1_285' title='bbox 619 3509 638 3564; x_wconf 86' lang='lat' dir='ltr'><strong>d</strong></span> <span class='ocrx_word' id='word_1_286' title='bbox 658 3510 662 3577; x_wconf 79' lang='grc' dir='ltr'>ι</span> <span class='ocrx_word' id='word_1_287' title='bbox 685 3513 719 3563; x_wconf 81' lang='lat'><strong>29</strong></span> <span class='ocrx_word' id='word_1_288' title='bbox 737 3509 857 3576; x_wconf 83' lang='lat' dir='ltr'><strong>prorect1</strong></span> <span class='ocrx_word' id='word_1_289' title='bbox 875 3508 911 3562; x_wconf 88' lang='lat' dir='ltr'><strong><em>H</em></strong></span> 
     </span>
    </p>
   </div>
   <div class='ocr_carea' id='block_1_4' title="bbox 0 0 1319 4048">
    <p class='ocr_par' dir='ltr' id='par_1_14' title="bbox 0 0 1319 4048">
     <span class='ocr_line' id='line_1_37' title="bbox 0 0 1319 4048; baseline 0 0"><span class='ocrx_word' id='word_1_290' title='bbox 0 0 1319 4048; x_wconf 95' lang='lat' dir='ltr'><strong> </strong></span> 
     </span>
    </p>
   </div>
  </div>
 </body>
</html>
