2642 4046
182 201 225 267 86
386 200 461 256 IULI
479 199 656 256 FRONTINI
677 198 1000 294 srusrseuqlson

182 364 249 431 soie
277 363 343 430 fusi
366 366 488 449 essent,
517 367 738 449 spargeretur,
765 384 829 447 quo
852 362 981 428 facilins
1006 361 1202 449 conligenda

180 453 303 539 praede
324 454 454 519 hostem
477 452 658 538 inpeditum
681 452 868 537 effugerent

247 543 278 608 2.
301 540 457 627 Tryphon
472 539 584 627 Syriae
598 563 655 606 rex
668 541 775 607 uictus
789 563 848 626 per
863 544 970 606 totum
987 542 1051 606 iter
1068 539 1200 626 fugiens

180 630 351 715 pecuniam
383 630 506 715 sparsit
532 634 566 695 et
592 630 747 696 sectanda
774 630 856 714 e<a>
884 629 1041 696 Antiochi
1072 630 1201 715 equites

145 737 162 786 o
181 723 325 786 moratus
349 720 471 804 effugit.

247 808 277 874 3.
306 806 342 885 Q.
367 805 542 892 Sertorius,
569 808 684 892 pulsus
708 808 776 873 soie
800 807 829 873 a'
842 806 880 884 Q.
901 807 1035 874 Metello
1057 807 1132 891 Pio,
1155 829 1199 874 ne

179 896 293 983 fugam
321 896 451 983 quidem
477 897 542 963 sibi
564 901 672 964 tutem
695 897 885 982 arbitratus,
913 897 1003 963 abire
1032 896 1199 981 dispersos

180 987 302 1053 milites
331 987 439 1072 iussit,
467 986 652 1053 admonitos
679 987 715 1052 in
742 1008 838 1070 quem
866 986 975 1052 locum
997 987 1100 1052 uellet
1123 1007 1199 1054 oon-

180 1096 301 1141 uenrre.

129 1181 161 1232 10
246 1165 277 1230 4.
307 1163 477 1230 Viriathus
506 1165 569 1230 dux
597 1163 828 1230 Lusitanorum
856 1164 966 1248 eopias
998 1166 1129 1229 nostras
1152 1165 1200 1231 lo·

180 1274 355 1339 eorumque
378 1253 587 1338 iniquitatem
610 1253 716 1319 euasit
738 1253 851 1319 eadem
874 1275 938 1338 qus
962 1250 1124 1319 Sertorius
1147 1275 1200 1318 ra-

179 1343 283 1427 tione,
306 1363 420 1425 sparso
446 1343 601 1424 exercitu,
626 1342 701 1407 dein
723 1343 915 1407 reoonleoto.

247 1429 277 1496 5.
305 1429 463 1496 Horatius
487 1428 615 1515 Coeles,
643 1435 804 1514 urguente
831 1429 1016 1496 Porsennae
1045 1431 1199 1516 exercitu,

179 1518 277 1584 iussit
305 1541 380 1584 suos
402 1540 462 1602 per
485 1522 619 1604 pontem
641 1519 748 1584 redire
774 1520 810 1584 in
837 1519 950 1585 urbem
979 1540 1129 1605 eumque,
1157 1541 1200 1585 ne

127 1625 160 1674 15
180 1629 236 1673 eos
259 1608 484 1693 insequeretur
510 1607 630 1692 hostis,
656 1607 857 1674 intercidere.
890 1607 976 1693 quod
999 1608 1077 1674 dum
1099 1609 1200 1674 efflui-

179 1701 246 1780 tur,
268 1697 303 1762 in
326 1696 432 1780 eapite
456 1697 524 1762 eius
547 1700 771 1782 propugnator
794 1697 865 1780 ipse
888 1697 1096 1782 insequentes
1115 1698 1199 1763 deti-

178 1785 264 1852 nuit:
297 1785 407 1850 andito
427 1784 542 1850 deinde
564 1785 695 1871 fragore
718 1785 828 1870 pontis
852 1786 997 1871 abrupti,
1022 1787 1138 1853 deiecit
1161 1808 1198 1852 se

177 1873 214 1937 in
241 1873 372 1940 alueum
405 1895 542 1960 eumque
569 1874 605 1940 in
634 1875 733 1941 armis
763 1879 796 1942 et
823 1875 1012 1942 uulneribus
1041 1879 1196 1942 oneratus

179 1963 334 2030 tranauit.

125 2068 160 2118 2ο
247 2052 276 2116 6.
299 2051 456 2117 Afranius
475 2051 510 2116 in
528 2051 689 2137 Hispania
708 2053 749 2119 ad
767 2053 916 2138 Ilerdam,
936 2075 1008 2120 oum
1024 2051 1198 2120 Caesarem

51 2150 53 2155 '
177 2138 319 2226 fugeret,
346 2140 490 2206 instante
513 2163 551 2207 eo
575 2147 684 2208 eastre
711 2143 834 2226 posuit:
862 2164 936 2208 oum
964 2141 1051 2207 idem
1075 2141 1198 2209 Oeesar

177 2230 310 2296 fecisset
332 2234 365 2295 et
387 2230 579 2316 pabulatum
603 2253 679 2297 snos
698 2230 887 2316 dimisisset,
911 2231 967 2296 ille
992 2232 1121 2315 signum
1145 2253 1197 2298 re·

177 2323 276 2401 pente
299 2319 412 2385 itineri
436 2319 532 2385 dedit.

246 2409 274 2472 7.
307 2408 485 2493 Antonius,
516 2429 588 2474 oum
617 2430 657 2473 ex
683 2407 815 2473 Parthis
843 2407 1043 2473 instantibus
1074 2405 1197 2492 reoipe-
1302 2423 1303 2430 ’

125 2511 158 2560 25
178 2498 229 2560 ret
256 2497 431 2561 exereitum
455 2501 501 2576 et,
530 2497 678 2582 quotiens
710 2497 817 2582 prima
846 2497 919 2562 luoe
950 2499 1113 2581 moueret,
1145 2500 1197 2563 to·

178 2583 265 2649 tiens
288 2584 504 2668 urguentibus
523 2586 738 2651 barbarorum
757 2584 887 2670 sagittis
910 2583 1121 2652 infestaretur
1140 2586 1196 2651 ab·

250 2801 264 2849 1
284 2811 297 2848 s
318 2797 462 2876 urgeretur
479 2795 499 2850 d
521 2796 666 2878 pateretur
684 2794 729 2850 11ι
773 2797 914 2850 erueretur
931 2794 1000 2864 tPl
1025 2795 1196 2868 8'I'hrypon

178 2864 279 2992 fahs
297 2863 604 3006 dnshrffnnffiuhi
620 2867 763 3005 &ihr
774 2868 1197 3009 hffiuhai'edsinihhhitiushff

177 3007 286 3065 thioohi
299 3008 333 3062 H
347 3012 385 3077 15
403 3009 528 3064 moratus
541 3009 583 3077 H,
600 3011 647 3064 sed
664 3009 743 3064 ratus
761 3010 793 3065 in
809 3025 866 3065 rae.
884 3010 902 3064 t
919 3011 1044 3066 moratos
1058 3012 1078 3067 d
1093 3013 1098 3080 Ι
1113 3011 1139 3067 ei
1160 3028 1196 3068 ue
1300 3063 1301 3080 ,

178 3080 328 3136 sectandae
341 3079 375 3135 A.
390 3095 415 3135 e.
432 3079 586 3136 inmoratos
604 3079 674 3135 Oud.
691 3083 695 3150 Ι
712 3087 728 3136 6
743 3097 761 3136 a
778 3078 876 3150 quinto
895 3081 931 3135 H
934 3081 980 3150 ΡΙ
998 3087 1013 3137 ‘1
1031 3083 1123 3138 totam

179 3156 212 3206 10
221 3149 348 3207 Viriatus
362 3151 408 3217 ΡΙ
424 3149 609 3207 lusitanorum
622 3152 662 3218 H,
679 3153 726 3208 sed
744 3151 795 3206 tan
811 3153 844 3207 in
860 3167 917 3207 rus.
931 3153 949 3207 t
965 3156 969 3223 Ι
987 3158 1019 3208 12
1039 3152 1173 3210 deinded

178 3227 211 3276 18
229 3219 378 3277 Horteoins
397 3223 462 3293 11¹1
493 3229 527 3278 14
545 3239 664 3292 eumque
682 3240 722 3278 aa
739 3239 858 3291 eumque
876 3224 909 3276 in
926 3222 1016 3292 Hert,
1033 3225 1168 3281 incertam

178 3296 212 3346 15
231 3307 279 3347 eos
297 3293 492 3362 insequeretur
503 3294 572 3349 Orod.
588 3311 655 3349 essu
674 3297 837 3364 sequeretur
849 3294 885 3348 H
889 3295 917 3348 P
934 3309 967 3350 ea
980 3295 1196 3365 subsequeretur
1299 3303 1300 3310 ’

176 3363 309 3436 Lipsius}
334 3363 372 3418 dir
391 3365 431 3431 H,
449 3365 708 3433 seolsiensis!
729 3370 762 3419 18
781 3365 874 3420 sluem
892 3364 962 3436 H¹1
987 3366 1193 3440 etHsedPl

176 3450 233 3489 non
252 3434 337 3489 armis
357 3435 406 3490 sed
425 3434 503 3491 fitero.
523 3435 655 3491 sturmis
675 3435 705 3490 et
723 3436 802 3492 Mod.
828 3437 833 3505 Ι
858 3443 893 3492 20
915 3435 1054 3492 hilerdam
1073 3438 1102 3492 P
1129 3440 1134 3507 Ι
1159 3443 1193 3492 21

176 3506 294 3574 possunt
315 3505 351 3561 H
366 3511 430 3561 ante
452 3523 506 3562 ras.
527 3508 532 3576 Ι
558 3512 593 3561 24
615 3505 726 3562 Parthia
749 3523 799 3563 nos
816 3509 898 3576 perte
917 3505 977 3562 eine
998 3507 1033 3563 Η
1036 3506 1065 3561 Ρ
1080 3508 1194 3566 Parthis

175 3575 230 3631 sibi
248 3576 306 3632 edd.
323 3580 328 3643 Ι
353 3582 388 3632 26
406 3576 557 3632 barbarum
570 3578 606 3632 H
607 3577 616 3611 ¹
