2616 4048
436 207 546 264 LIBER
563 208 584 262 1.
613 207 689 263 OAP.
709 213 806 264 8-10.
1091 208 1132 272 29

118 379 247 453 senatu,
270 395 311 438 ne
334 373 510 438 tumultum
534 374 694 456 moueret,
722 372 751 437 si
774 371 862 436 solos
886 375 1055 436 euoeesset
1077 392 1134 436 no·

117 467 242 546 centes,
275 462 394 527 mixtos
427 461 473 526 eis
506 461 563 545 qui
595 465 686 526 extre
719 461 873 526 delictum
902 463 996 525 erant
1023 461 1133 526 uenire
1190 459 1196 470 '

117 552 222 617 iussit.
257 551 305 616 its
328 555 361 617 et
378 549 469 616 noxii
487 550 611 616 minore
629 571 702 615 cum
722 553 824 634 metu,
848 549 925 634 quia
941 570 1008 614 non
1027 570 1132 634 segre·
1212 513 1241 606 ζ)

118 641 188 726 gati
212 639 348 726 ideoque
369 661 435 705 non
453 661 493 705 ex
512 660 610 704 causa
628 638 743 723 culpae
764 638 958 702 uidebantur
975 638 1134 722 arcessiri,
1228 633 1235 669 ”

117 732 294 814 paruerunt
330 732 363 794 et
399 729 462 812 illi,
500 728 617 813 quibus
654 728 784 812 integre
820 730 891 792 erat
927 727 1169 810 conscientiae

116 818 334 884 custodiendis
351 839 477 902 quoque
491 817 685 883 nocentibus
700 815 924 900 adtenderunt‚
940 837 983 881 ne
1001 816 1134 882 illorum

117 907 196 993 fuge
219 907 475 992 inquinarentur.

183 997 214 1060 4.
245 992 279 1060 Ο.
304 995 437 1073 Caesar,
465 1014 538 1059 cum
562 992 719 1077 quaedem
742 993 887 1079 legiones
911 993 979 1057 eius
1004 991 1134 1057 seditio·

116 1106 192 1150 nem
224 1084 418 1164 mouissent,
450 1081 530 1145 adeo
559 1083 597 1145 ut
623 1082 658 1145 in
685 1080 860 1163 perniciem
891 1101 1018 1164 quoque
1046 1081 1135 1145 ducis

117 1173 307 1237 uiderentur
329 1173 608 1252 consurrecturee,
636 1168 840 1232 dissimulato
864 1171 954 1231 metu
977 1169 1136 1253 processit
1156 1185 1189 1234 ιο

119 1262 161 1326 ed
189 1260 312 1324 milites
340 1256 647 1342 postulantibusque
676 1256 865 1321 missionem
898 1257 984 1322 ultro
1016 1257 1136 1322 minaci

118 1348 213 1412 uultu
232 1346 334 1411 dedit:
357 1348 583 1418 exauctoratos
601 1344 803 1429 paenitentia
821 1345 928 1430 coegit
947 1346 1136 1426 satisfecere

119 1435 310 1518 imperatori
332 1434 661 1520 obsequentioresque
682 1435 717 1500 in
734 1434 860 1518 reliqua
878 1456 978 1518 opera
997 1457 1031 1500 se
1051 1435 1135 1500 dare.

181 1643 215 1700 X.
245 1636 537 1712 QonMADMODUM
554 1643 831 1700 INTEMPESTIVA
849 1642 1076 1700 POSTULATIO

421 1732 571 1788 PUGNAE
590 1731 826 1788 INHIBEATUR.
1157 1737 1189 1787 15

188 1880 216 1943 1.
241 1878 277 1954 Q.
292 1875 465 1960 Sertorius,
480 1878 566 1962 quod
581 1879 803 1963 experimento
817 1878 975 1944 didicerat
988 1878 1136 1961 inparem

121 1985 156 2031 se
174 1966 328 2031 uniuerso
347 1966 567 2032 Romanorum
587 1968 754 2050 exercitui,
776 1970 814 2032 ut
832 1967 988 2032 barbaros
1008 1988 1137 2050 quoque

118 2055 305 2120 inconsulte
335 2077 478 2139 pugnem
506 2059 716 2138 exposcentes
746 2054 889 2135 doceret,
922 2054 1069 2120 adductis
1103 2056 1137 2119 in

120 2146 329 2227 conspectum
366 2143 492 2208 dnobus
530 2142 637 2226 equis,
673 2143 862 2227 praecalido
899 2144 1006 2221 elteri,
1044 2144 1138 2207 alteri

122 2231 296 2296 admodum
333 2230 409 2293 exili
443 2229 523 2295 duos
557 2230 703 2294 admouit
734 2231 866 2295 iuuenes
900 2231 1050 2294 similiter
1083 2231 1137 2295 ad·
1156 2246 1190 2295 20

121 2318 240 2400 lectos,
263 2317 434 2382 robustum
457 2321 491 2380 et
513 2318 676 2402 gracilem.
714 2339 752 2382 ec
770 2317 947 2384 robustiori
964 2319 1138 2402 imperauit

122 2427 205 2490 equo
226 2405 304 2470 exili
321 2406 505 2470 uniuersam
524 2406 660 2470 caudam
679 2407 879 2491 abrumpere,
898 2407 1013 2492 gracili
1030 2410 1138 2474 eutem

121 2494 337 2559 ualentiorem
357 2515 415 2577 per
434 2494 581 2580 singulos
601 2493 729 2580 (pilos)
750 2495 878 2562 uellere.
897 2517 1048 2581 'cumque
1068 2517 1138 2582 gra·

80 2631 83 2647 ,
121 2583 194 2648 61116
216 2581 350 2648 fecisset
371 2583 456 2666 quod
479 2585 677 2668 imperatum
705 2586 789 2668 erat,
817 2585 1035 2650 calidissimus
1065 2608 1138 2651 cum

119 2671 243 2736 infirmi
266 2672 341 2756 equi
363 2671 466 2737 cauda
489 2671 559 2736 sine
583 2673 699 2737 effectu
721 2672 911 2758 luctaretur,
943 2673 1138 2759 ‘naturam',
1157 2689 1191 2738 25

194 2863 475 2919 lsolouocassetH¹
491 2863 495 2932 Ι
512 2870 528 2918 3
547 2866 579 2918 ut
596 2864 704 2920 minore
719 2865 755 2919 Η
767 2870 770 2933 Ι
788 2871 805 2919 4
823 2865 1012 2936 secessiriPl
1033 2874 1138 2921 ncom-

120 2937 276 3004 paruerunt
288 2935 347 2990 edd.
366 2937 370 3004 1
387 2934 455 3005 quin
465 2934 500 2989 H
515 2941 578 2990 ante
592 2952 660 2992 corr.
678 2939 681 3006 Ι
698 2937 769 3007 erat]
785 2953 854 2992 uere
866 2937 902 2991 H
914 2937 919 3008 Ι
935 2942 951 2990 8
966 2953 1138 2992 caesareum·

121 3005 544 3074 quaeHiur'us.112noltu
563 3007 609 3075 ΡΙ
633 3013 665 3062 13
685 3006 825 3076 reliquum
844 3008 890 3076 ΡΙ
911 3024 1011 3076 operas
1031 3007 1060 3061 P
1076 3012 1140 3062 cute

120 3091 177 3132 ras.
203 3079 207 3145 1
237 3091 267 3130 66
287 3075 353 3130 dare
372 3092 422 3132 uos
441 3075 536 3132 sedere
555 3076 619 3131 ΗΡ
650 3094 679 3132 66
696 3078 799 3134 dedere
819 3078 921 3132 Hortel
947 3077 976 3131 in
999 3075 1139 3146 reliquum

122 3162 222 3217 operas
241 3148 323 3201 edere
342 3149 401 3202 edd.

196 3223 231 3272 14
248 3219 360 3272 titulum
379 3235 428 3273 orn.
450 3217 527 3287 0111
549 3225 582 3272 16
601 3219 672 3274 idem
690 3220 841 3288 exemplum
859 3222 885 3284 4,
900 3221 985 3287 7,6Ι
1012 3224 1044 3273 17
1064 3236 1139 3274 exer-

121 3288 191 3344 citui
210 3289 256 3355 H,
281 3289 328 3343 sed
351 3303 416 3344 exer
438 3291 530 3344 eadem
552 3307 625 3345 man.
650 3296 675 3345 et
697 3291 745 3344 alt.
764 3289 933 3344 ilrincas.
964 3291 968 3359 1
999 3295 1032 3346 19
1056 3290 1141 3346 alteri

121 3362 201 3416 semel
220 3377 271 3417 om.
286 3359 331 3428 ΡΙ
348 3365 382 3414 20
401 3359 537 3431 adfectos]
559 3361 666 3416 electos
684 3362 702 3415 1.
722 3361 811 3429 1123
830 3359 996 3416 ualentioris
1017 3361 1086 3418 Oad.
1107 3377 1140 3416 es

122 3433 140 3486 l.
162 3432 179 3486 1.
197 3430 330 3501 {singule
350 3430 396 3498 ΡΙ
420 3430 494 3498 pilos
512 3433 602 3501 suppl.
622 3432 681 3487 edd.
701 3447 734 3486 ex
752 3433 770 3487 1.
790 3432 807 3485 l.
829 3432 834 3500 Ι
860 3436 895 3486 24
912 3431 1039 3504 lecisset]
1057 3432 1140 3486 uicis·

122 3504 167 3557 set
186 3501 222 3555 Η
245 3501 346 3572 gracili
363 3503 542 3557 successisset
560 3502 663 3558 Haetcl
684 3519 718 3557 ee
737 3503 753 3556 l.
774 3502 791 3556 l.
817 3505 821 3571 Ι
851 3506 886 3556 26
904 3501 1020 3557 infirmis
1039 3503 1075 3556 H
1097 3502 1140 3556 in·

121 3571 252 3627 firmioris
271 3571 386 3640 Hcrtel,
403 3573 451 3628 eod
468 3572 502 3641 cf.
519 3574 609 3642 praef.
628 3572 699 3644 §14
918 3577 922 3586 '
