2642 4046
191 165 234 232 82
400 165 476 222 IULI
493 162 673 221 FRONTINI
692 161 1014 220 STRATEGEMATON

290 414 325 470 X.
354 413 387 470 s1
406 412 475 468 RES
494 411 630 470 DURIUS
650 411 835 482 cassiduli,
854 411 904 468 Du
921 410 1103 468 ADVERSIS

571 499 824 558 EMENDANDIS.

258 648 287 714 1.
325 645 361 712 Τ.
385 645 501 713 Didius
528 647 564 712 in
590 645 766 731 Hispania,
797 667 870 710 oum
898 645 1056 712 acerrimo
1084 647 1215 730 proelio

190 734 398 819 conflixisset,
417 735 504 822 quod
518 756 583 802 nox
597 735 785 818 diremerat,
802 755 925 820 magno
943 755 1080 800 numero
1100 736 1214 802 utrim-

154 841 253 912 oquc
276 844 368 891 caeso
388 824 556 909 complura
580 845 713 890 suorum
738 843 876 909 corpore
898 824 985 888 intre
1007 828 1141 890 noctem
1166 847 1214 890 se·

188 913 341 1000 pelienda
364 913 498 979 curauit
542 911 684 998 Hispani
710 917 842 997 postero
866 912 918 977 die
942 911 983 976 ad
1006 913 1113 979 simile
1139 913 1215 980 offi-

189 1004 275 1072 cium
297 1003 477 1088 progressi,
500 1002 579 1088 quia
600 1003 709 1086 plures
729 1001 933 1086 exipsorum
952 1022 1089 1067 numero
1112 1025 1216 1088 quam
1279 1083 1281 1092 γ

189 1116 229 1158 ex
243 1091 402 1159 Romanis
416 1112 528 1158 caesos
542 1093 761 1178 reppererant,
777 1091 882 1156 uictos
898 1112 933 1156 sc
946 1112 1016 1156 esre
1031 1091 1215 1157 secundum

189 1204 261 1250 eam
284 1180 578 1247 dinumerationem
602 1179 834 1266 argumentati,
857 1179 899 1245 ad
921 1179 1127 1246 condiciones
1153 1181 1215 1246 im·

138 1286 170 1335 10
189 1270 351 1357 peratoris
375 1269 620 1335 descenderunt
690 1297 696 1308 ¹
1287 1240 1288 1308 i

256 1359 287 1425 2.
322 1357 358 1423 T.
377 1357 519 1424 Marcius
544 1378 642 1444 eques
664 1355 847 1444 Romanus,
870 1358 925 1442 qui
948 1355 1095 1443 reliquiis
1119 1378 1215 1423 exer-

189 1448 273 1513 citus
295 1445 452 1534 praefuit,
481 1467 554 1511 cum
576 1445 617 1522 in
638 1446 822 1531 propinquo
849 1445 928 1512 bina
955 1449 1063 1512 castra
1085 1444 1215 1512 Poeno·

188 1557 261 1602 rum
279 1534 393 1621 paucis
411 1533 544 1600 milibus
561 1556 717 1618 passuum
741 1534 913 1620 distarent,
935 1535 1126 1601 cohortatus
1151 1537 1215 1601 rni-
1290 1530 1291 1554 ¹

188 1624 265 1690 lites
287 1623 437 1709 proxima
460 1626 569 1688 castra
591 1623 788 1708 intempesta
811 1627 908 1690 nocte
931 1623 1064 1690 adortus
1088 1627 1156 1708 cst3
1180 1629 1214 1690 et
1291 1626 1292 1650 t

137 1727 170 1777 15
189 1734 262 1779 curn
281 1711 411 1777 hostem
429 1711 588 1778 uictoriae
610 1711 728 1779 fiducia
750 1713 1006 1798 incompositum
1034 1712 1212 1798 adgressus
1292 1722 1293 1790 i

189 1823 230 1867 ne
249 1800 381 1867 nuntios
405 1798 531 1886 quidem
557 1801 657 1867 cladis
680 1801 883 1888 reliquisset,
910 1801 1105 1867 breuissime
1128 1806 1213 1868 tem·
1293 1819 1294 1862 r

188 1912 266 1975 porc
290 1889 389 1956 militi
411 1889 452 1955 ad
473 1889 619 1974 requiem
642 1889 733 1976 dato,
756 1890 869 1956 eadem
894 1895 990 1956 nocte
1017 1889 1140 1976 raptim
1164 1892 1213 1956 ia·
1294 1916 1295 1934 ¹

189 2001 277 2045 mam
304 1979 352 2044 rei
380 1981 491 2064 gestae
516 1999 727 2065 praegressus
756 1979 861 2045 altera
894 1979 1069 2046 eorundem
1101 1981 1211 2045 castra
1295 2012 1296 2056 r

188 2068 323 2134 inuasit:
350 2067 398 2133 ita
425 2067 477 2133 bis
502 2067 603 2132 simili
626 2089 704 2134 usus
733 2070 866 2152 euentu,
894 2067 1009 2134 deletis
1032 2068 1207 2152 utrubique
1295 2101 1296 2104 ¹

136 2172 170 2221 20
188 2156 322 2243 Poenis,
346 2155 484 2224 amissas
506 2156 629 2243 populo
652 2154 803 2222 Romano
827 2156 1007 2242 Hispanias
1030 2156 1189 2223 restituit.
1295 2229 1296 2236 χ

246 2402 294 2459 XI.
322 2399 370 2456 Did
389 2400 584 2458 DUBIORU'M
601 2399 731 2456 ANIMiS
750 2399 789 2455 IN
807 2400 893 2456 FIDE
913 2399 1146 2458 Rurmnunls

257 2549 285 2614 1.
313 2545 350 2612 P.
363 2545 514 2612 Valerius
537 2546 697 2632 Epidauri
724 2547 845 2611 timens
874 2546 1111 2632 oppidanorum
1140 2569 1214 2632 per·

188 2635 315 2718 fidiam,
338 2634 415 2719 quie
431 2656 547 2718 parum
566 2635 722 2719 praesidii
740 2635 897 2719 habebat,
921 2635 1090 2720 gymnicos
1112 2636 1212 2704 ludos

188 2723 301 2807 procul
326 2722 367 2788 ab
391 2723 472 2788 urbe
495 2724 680 2808 apparauit:
703 2746 767 2810 quo
786 2746 859 2792 cum
878 2725 985 2790 omnis
1008 2725 1077 2791 iere
1097 2725 1214 2792 multi·

136 2827 170 2876 25
188 2811 268 2877 tudo
293 2810 463 2896 spectandi
486 2832 583 2878 causa
606 2813 739 2898 exisset,
766 2813 883 2879 clausit
909 2816 1023 2897 portas
1048 2835 1108 2879 nce
1133 2817 1213 2880 ante

261 3047 274 3095 1
296 3040 392 3095 durius
410 3041 430 3096 d
451 3056 586 3122 prospere
607 3039 716 3096 oHP:
734 3040 769 3108 cf.
783 3057 814 3111 p.
834 3045 915 3108 39,1
940 3043 944 3108 Ι
972 3039 1088 3096 cesserit
1101 3039 1129 3096 Θ
1147 3059 1214 3112 ges-

188 3111 258 3166 serit
275 3112 340 3167 HP
360 3113 364 3182 Ι
394 3117 412 3167 4
430 3110 577 3168 dirimeret
597 3110 701 3180 GHP,
720 3127 788 3168 corr.
808 3113 828 3167 d
852 3112 857 3184 1
879 3117 910 3166 11
930 3110 961 3166 Τ,
977 3111 1074 3167 6111>
1088 3110 1119 3168 L.
1134 3113 1213 3169 edd..-

188 3182 224 3250 cf.
241 3198 269 3250 p.
289 3187 338 3252 72,
355 3188 392 3240 21
412 3188 438 3240 et
453 3183 543 3252 praefi
561 3182 583 3254 ,d
601 3188 637 3238 11
653 3184 657 3253 Ι
673 3180 801 3252 reliquiis
820 3182 959 3239 exercitus
975 3181 1034 3238 GP
1050 3181 1125 3239 inter
1144 3181 1213 3238 reli·

189 3251 269 3320 quies
293 3253 429 3308 exercitui
447 3254 498 3324 ΗΙ
516 3253 653 3309 exercitus
672 3254 791 3310 duorum
810 3251 972 3325 Scipionum
990 3253 1115 3324 praefuit
1133 3255 1213 3312 edd:

187 3322 222 3390 of.
232 3338 264 3392 p.
280 3326 327 3390 72,
341 3329 380 3380 21
396 3326 401 3394 1
419 3325 572 3381 15hostem
590 3325 621 3379 in
634 3324 670 3380 H
682 3326 687 3395 Ι
705 3330 737 3380 19
757 3323 907 3395 utrobique
927 3324 974 3395 ΡΙ
991 3326 1140 3395 20populo
1151 3325 1212 3381 Ro-

188 3408 271 3448 mano
290 3395 310 3449 d
326 3396 494 3465 populorum
513 3395 625 3467 GHPl
654 3396 786 3466 hispania
799 3395 834 3451 H
851 3399 855 3466 Ι
885 3403 919 3451 21
938 3397 968 3451 in
985 3395 1069 3451 fidem
1086 3395 1114 3452 G
1138 3397 1143 3464 Ι
1175 3401 1212 3452 23

187 3462 466 3546 gymnicus-lpdust
482 3468 487 3535 Ι
502 3472 538 3521 24
555 3466 688 3548 apperuit
708 3466 774 3523 GH
787 3469 790 3537 Ι
806 3467 873 3522 feris
889 3467 934 3523 Ηι
950 3470 954 3535 1
970 3472 1005 3523 2⁵
1024 3466 1110 3522 clusit
1123 3467 1192 3523 GH
1206 3469 1212 3540 Ι

188 3536 254 3590 ante
273 3535 388 3590 admrsrt
405 3536 434 3590 P
449 3537 533 3593 antea
551 3537 660 3594 dimisit
678 3537 743 3593 GH
757 3539 786 3594 in
806 3555 854 3594 eas
873 3540 938 3595 ante
957 3537 1071 3594 admisit
1088 3539 1109 3596 d
