2616 4048
424 929 521 1002 ron
550 929 785 1002 nnonrnn

250 1120 966 1221 STRATEGEMATON

457 1337 579 1396 arana
602 1336 759 1396 Pnrnos.

171 1525 254 1591 Oum
278 1525 319 1590 ad
342 1525 565 1590 instruendam
589 1527 637 1589 rei
660 1526 812 1591 militaris
841 1525 1009 1590 scientiam
1032 1548 1115 1590 unus

103 1639 143 1682 ex
156 1637 290 1680 numero
311 1614 531 1680 studiosorum
549 1616 617 1679 eius
634 1616 824 1680 accesserim
839 1616 930 1698 eique
945 1614 1117 1699 destinato,
1136 1631 1152 1679 5

102 1709 263 1790 quantum
296 1724 372 1768 cura
404 1705 518 1767 nostra
549 1703 665 1786 ualuit,
698 1704 894 1768 satisfecisse
926 1704 1016 1767 uisus
1047 1704 1117 1787 sim,

103 1793 214 1858 deberi
243 1791 349 1857 adhue
375 1791 544 1855 institutae
574 1791 715 1855 arbitror
746 1813 876 1875 operae,
907 1795 946 1855 nt
974 1791 1119 1856 sollertia

103 1883 220 1946 ducum
238 1880 337 1964 facta,
356 1901 437 1964 quae
456 1901 477 1943 a
490 1877 621 1944 Graecis
641 1901 704 1943 una
723 1880 990 1958 (τρατηγημάτων
1009 1881 1119 1964 appel·

103 1971 226 2034 latione
245 1969 477 2054 comprehensa
494 1971 578 2050 sunt,
592 1968 751 2051 expeditis
766 1969 943 2052 amplectar
959 1989 1119 2033 commen·

104 2059 208 2123 tariis.
252 2059 301 2122 ita
329 2058 415 2122 enim
443 2057 572 2121 consilii
601 2078 728 2140 quoque
755 2060 788 2120 et
816 2056 1037 2139 prouidentiae
1066 2080 1118 2121 ex·
1139 2075 1172 2124 10

106 2147 222 2231 emplis
250 2146 406 2211 succincti
433 2146 531 2210 duces
559 2148 666 2229 erunt,
697 2145 783 2209 unde
814 2144 881 2209 illis
915 2146 1120 2229 excogitandi

106 2234 346 2318 generandique
365 2234 486 2299 similia
503 2233 643 2299 facultas
662 2233 841 2314 nutriatur3
860 2237 1027 2316 praeterea
1047 2255 1120 2298 oon·

106 2323 227 2406 tinget,
257 2342 299 2383 ne
328 2322 366 2385 de
394 2325 512 2387 euentu
539 2324 681 2407 trepidet
712 2322 909 2387 inuentionis
943 2343 1033 2404 suae,
1066 2323 1121 2405 qui

106 2409 255 2494 probatis
280 2431 350 2474 eam
374 2412 601 2493 experimentis
626 2411 838 2495 comparabit,

174 2497 260 2562 Illud
282 2517 385 2582 neque
408 2499 525 2582 ignoro
548 2522 652 2585 neque
675 2499 811 2583 infitior,
836 2502 871 2563 et
888 2520 996 2562 rerum
1015 2502 1120 2582 gesta·
1143 2515 1174 2564 15

107 2609 178 2651 rnm
195 2587 369 2669 scriptores
387 2586 540 2673 indagine
555 2590 663 2673 operis
683 2589 733 2653 sni
751 2588 836 2653 hanc
851 2608 977 2672 qnoque
995 2591 1121 2671 partem

107 2697 179 2740 esse
203 2675 388 2757 complexos
407 2680 440 2740 et
458 2678 499 2741 ab
519 2679 706 2743 auctoribus
725 2677 948 2760 exemplorum
968 2677 1122 2760 quidquid

108 2763 236 2847 insigne
264 2761 374 2845 aliquo
402 2765 497 2828 modo
524 2764 588 2830 fuit
615 2766 781 2831 traditum.
828 2765 897 2848 sed,
930 2767 968 2829 ut
999 2767 1123 2849 opinor,

108 2849 276 2934 occupatis
304 2850 477 2914 uelocitate
501 2855 626 2918 consuli
649 2855 753 2920 debet.
795 2855 931 2938 longum
954 2857 1004 2917 est
1027 2854 1123 2935 enim,

109 2941 239 3024 singula
266 2941 299 3001 et
327 2959 443 3020 sparsa
469 2960 527 3021 per
553 2941 736 3007 inmensum
764 2965 880 3027 corpus
911 2942 1122 3008 historiarum
1141 2958 1176 3007 20

182 3138 196 3185 1
226 3128 276 3184 EX
303 3126 422 3182 LIBRIS
445 3126 533 3182 IULII
558 3128 738 3185 FRONTINI
762 3131 1084 3187 STRATEGEMATON
1106 3133 1129 3189 O

112 3216 319 3274 PRAEFATIO
347 3215 554 3271 PRONTONIS
580 3216 646 3272 LIB.
670 3218 690 3271 I.
716 3219 756 3286 G,
782 3222 894 3275 titalwm
918 3237 968 3277 om.
988 3221 1062 3287 HP;
1089 3224 1124 3290 cf.

109 3292 198 3360 praef.
213 3287 234 3360 ἕ
248 3293 268 3342 8
284 3291 287 3350 Ι
304 3294 321 3341 4
336 3287 455 3341 scientia
471 3286 496 3340 G
513 3291 517 3353 Ι
534 3294 550 3341 6
569 3289 646 3342 uisne
664 3289 716 3342 eim
731 3290 770 3355 H,
788 3292 835 3345 sed
852 3293 900 3346 alt.
920 3297 945 3346 et
963 3294 1045 3346 tertia
1064 3309 1076 3346 s
1094 3295 1126 3347 in

111 3362 195 3415 raah
211 3366 215 3428 Ι
232 3364 248 3412 8
263 3359 304 3412 (Τ
306 3359 596 3412 ΡΑΤΗΓΗΜΑΤΙΚωΝ
609 3361 635 3414 G
659 3359 910 3429 strategematicon
925 3364 1071 3433 (strataeg.
1083 3364 1125 3430 Η)

110 3431 185 3497 ΗΡ,
204 3448 252 3486 ern.
272 3429 330 3484 Sor.
348 3431 351 3496 t
368 3427 588 3498 appellationem
608 3430 635 3485 G
659 3429 664 3500 Ι
691 3435 722 3483 11
742 3433 823 3485 erant
841 3432 875 3485 H
889 3438 953 3488 onte
971 3449 1039 3488 corr.
1062 3435 1067 3501 1
1094 3440 1126 3488 12

111 3502 282 3571 gerendique
301 3501 320 3554 d
345 3501 350 3566 Ι
374 3500 515 3555 nutriatur
532 3515 582 3554 om.
602 3501 645 3554 Η1
667 3499 671 3572 Ι
694 3500 819 3572 eontiget
837 3503 872 3556 H
886 3509 949 3558 ante
967 3520 1037 3558 corr.
1062 3509 1066 3572 Ι
1093 3511 1127 3558 14

114 3574 214 3627 eamd
237 3587 270 3625 ea
289 3570 410 3640 GHP!
437 3577 469 3624 18
488 3571 648 3626 ntom.H¹

167 3671 308 3711 Fronrrsus
323 3669 358 3711 ed.
373 3668 540 3710 Gunderrnenn.
954 3668 964 3714 1
