2616 4048
515 153 731 210 PRAEFATIO.
1080 153 1131 207 XV

110 321 170 405 25,
184 323 238 387 24.
261 321 320 403 33,
336 318 387 384 15.
410 318 468 403 58,
481 319 534 383 22.
558 318 611 401 68,
624 319 677 383 26.
701 319 754 400 93,
768 319 799 382 8.
824 317 897 397 101,
913 317 965 381 lle
990 317 1130 399 106,16.

112 447 152 458 -
186 434 218 495 p.
244 411 299 488 16,
317 409 362 472 24
395 407 564 472 habebat
595 406 715 470 iniuria
746 409 858 471 tuetur
890 405 1022 487 Hertel,
1057 426 1132 470 cum

106 497 316 586 parenthesis
335 497 377 562 ab
397 499 537 579 auctore,
556 519 621 580 qua
639 500 691 560 est
709 495 879 576 breuitate,
897 515 965 558 non
979 494 1130 558 adhibea-

106 595 178 673 tur;
203 587 304 652 uerba
327 586 413 650 enim
436 609 468 670 p.
488 585 541 666 79,
559 585 602 650 28
624 607 711 649 nam
811 587 896 648 erat
918 583 1132 647 alienarunt.

105 713 156 726 --
178 699 208 761 p.
230 674 316 760 19,5
345 696 419 739 cum
447 673 646 739 editionibus
669 672 833 757 prioribus
860 672 1023 736 inflexit
1049 671 1132 753 dedi,

106 765 189 852 quia
216 764 380 848 praesenti
411 761 568 827 historico
597 766 710 827 auctor
737 783 917 845 numquam
946 761 1060 826 utitur.
1087 795 1131 806 -

104 879 141 940 p.
161 852 278 936 53,25
305 853 341 916 in
365 851 619 916 trucidabant
642 851 777 934 pluralis
802 849 961 914 sollemne
984 849 1132 914 codicum

106 943 231 1008 uitium
254 939 396 1019 uidetur,
420 940 460 1005 cf.
477 963 510 1024 p.
529 939 648 1021 30,13.
672 938 848 1021 31,15.16
868 939 910 1002 al.

180 1033 200 1110 6
226 1030 276 1095 13.
323 1027 476 1110 Vestigiu
502 1029 661 1108 duplatum
684 1028 861 1109 1001101011,
893 1048 976 1110 quae
1002 1027 1069 1089 iam
1096 1026 1132 1090 in

111 1118 261 1185 omnium
285 1116 433 1180 codicum
457 1115 637 1198 archetypo
661 1115 850 1197 exstabant,
873 1118 1004 1178 seruata
1022 1113 1132 1178 uiden·

109 1212 167 1272 tur
190 1206 245 1268 his
268 1204 364 1267 locis:
387 1204 446 1285 61,
464 1203 508 1266 20
531 1201 701 1285 deptulit
722 1199 778 1266 H¹
808 1202 952 1266 detulit
974 1202 1017 1284 Ρ,
1040 1203 1131 1285 66,2

112 1289 366 1378 quiescentes
389 1291 432 1354 H
464 1290 711 1374 quiescentes
734 1291 776 1372 Ρ,
813 1291 870 1372 83,
887 1291 931 1356 26
964 1292 1062 1355 alias
1095 1297 1133 1354 et

112 1378 264 1445 nobilis
277 1377 363 1464 ΗΡ,
390 1379 677 1461 13411οα1010
700 1379 904 1444 deductum
917 1379 993 1445 HG-
1015 1401 1132 1444 causa

113 1469 294 1534 eductum
309 1467 351 1551 P;
376 1468 484 1551 140,3
503 1468 608 1552 galei
630 1467 846 1534 oculisHG
868 1467 1131 1554 galeicnlisP.

184 1555 378 1622 Glosscmoto
406 1557 493 1621 inter
517 1557 617 1622 uerba
640 1557 781 1622 auctoris
805 1558 955 1622 immixta
978 1559 1132 1642 leguntur

106 1645 232 1731 47,10.
261 1646 314 1732 52,
328 1647 372 1711 26
396 1644 601 1730 (argentes
624 1677 667 1698 =
692 1643 919 1731 sexcentos).
956 1647 1009 1729 60,
1023 1647 1054 1710 2.
1079 1646 1132 1724 61,

105 1737 161 1802 21.
188 1733 334 1818 133,20.
360 1735 505 1816 134,18.
536 1735 690 1819 143,16,
722 1735 862 1799 fortasse
890 1734 989 1799 etiam
1013 1734 1130 1813 73,16

104 1825 370 1890 Romanorum
400 1827 433 1887 et
457 1824 593 1907 142,12
622 1828 783 1888 secreto.
828 1822 879 1887 De
906 1823 980 1888 aliis
1009 1823 1131 1887 addita-

105 1911 233 1978 mentis
256 1911 490 1976 recentioribus
523 1911 564 1976 ef.
586 1913 607 1992 ἕ
629 1913 680 1976 11.

175 2002 196 2080 ἓ
224 1999 275 2064 14.
311 1998 545 2084 supplementa
569 2001 788 2065 adnotationis
812 1999 957 2065 addenda
981 2003 1057 2063 sunt
1074 1999 1127 2063 his

104 2090 203 2156 locis:
236 2109 268 2169 p.
290 2088 321 2171 3,
346 2089 402 2168 16]
439 2087 690 2152 deficiemur
725 2088 842 2172 scripsi
878 2110 953 2153 cum
989 2088 1129 2172 uestigia

107 2177 232 2244 codicis
247 2175 289 2238 H
307 2179 451 2253 secutus,
472 2179 544 2239 tum
568 2177 644 2260 quia
665 2175 776 2240 futuro
799 2179 946 2259 tempore
968 2176 1002 2238 in
1024 2177 1130 2239 titulis

107 2268 229 2332 auctor
253 2263 302 2325 uti
325 2263 421 2342 solet,
445 2262 484 2327 cf.
502 2285 533 2345 p.
552 2264 582 2343 3,
597 2263 649 2327 25.
674 2265 726 2345 38,
741 2264 792 2329 21.
816 2263 913 2343 39,1.
937 2262 1055 2347 88,15.
1079 2264 1130 2347 89,

107 2355 139 2420 5.
158 2351 211 2418 14.
228 2384 272 2395 -
291 2372 321 2432 p.
338 2349 461 2433 11,13]
487 2371 525 2414 se
550 2355 737 2416 uexarent
756 2351 1129 2418 coni.Wachs1nuth.-

100 2468 135 2530 p.
163 2442 222 2523 14,
238 2437 297 2518 30]
326 2439 367 2503 cf.
390 2438 544 2522 Polyaen.
563 2441 595 2518 4,
609 2441 639 2523 2,
653 2441 689 2525 8,
717 2440 845 2505 uidetur
867 2440 1057 2524 Bosphorus
1082 2443 1129 2507 in·

100 2528 231 2618 tellegi.
256 2562 300 2574 -
324 2550 354 2611 p.
381 2527 436 2610 15,
453 2528 509 2608 25]
539 2529 662 2592 conicio
687 2529 944 2594 traiciendum
967 2529 1130 2596 haberet

100 2627 161 2690 aut
179 2637 344 2684 necesse
368 2616 533 2681 haberet
556 2617 724 2682 traicere
743 2617 804 2703 (sic
822 2620 924 2683 uerba
942 2620 1129 2685 collocanda

100 2715 181 2779 sunt
201 2707 277 2774 coll.
294 2726 324 2787 p.
340 2705 392 2785 20,
408 2706 459 2770 13.
481 2707 578 2788 28,1.
602 2704 732 2792 31,10),
754 2730 830 2772 nam
853 2709 1029 2772 necessitas
1052 2711 1127 2773 trai-

99 2799 211 2870 ciendi
236 2793 384 2862 Sertorio
411 2793 566 2878 imposita
590 2798 648 2859 est.
673 2831 714 2842 -
746 2818 778 2879 p.
800 2797 856 2878 29,
871 2795 928 2876 25]
952 2796 1104 2861 infirmi
1112 2817 1129 2862 s

98 2893 242 2979 propter
256 2882 537 2970 praepositionem
553 2905 636 2948 cum
651 2888 766 2948 natum
782 2884 919 2968 uidetur,
934 2885 972 2950 cf.
982 2887 1128 2969 ,12012

97 3017 144 3032 --
174 3003 207 3066 p.
233 2969 347 3058 33,5]
372 2993 567 3054 purpurea
590 2975 627 3036 et
649 2973 845 3056 promissa
867 2994 974 3038 coma
993 2973 1127 3038 Wechs-

96 3071 204 3138 muth.
229 3101 270 3114 -
297 3083 329 3145 p.
350 3060 475 3140 33,15]
501 3060 689 3126 adorabat
711 3061 938 3127 Wachsmuth.
961 3097 1002 3108 -
1027 3084 1057 3144 p.
1076 3062 1128 3144 34,

98 3164 153 3244 12]
175 3171 347 3244 quorum
362 3183 408 3194 -
421 3149 570 3233 tegitur
589 3149 694 3214 delere
707 3150 1069 3215 mauultWachsmuth.
1088 3186 1125 3196 -

95 3278 127 3339 p,
153 3250 209 3332 36,
231 3245 266 3324 9]
299 3235 478 3304 ostendit
501 3235 729 3303 Wachsmuth.
755 3272 793 3284 -
819 3261 848 3322 p,
870 3238 982 3317 41,1]
1014 3239 1127 3302 anhe.

96 3343 251 3410 lantem
285 3324 497 3394 retinendum
525 3324 667 3406 uidetur,
695 3327 766 3390 coll.
789 3350 820 3411 p.
844 3327 896 3410 69,
910 3325 1061 3391 23-25.
1087 3363 1125 3372 —-

95 3458 128 3519 p,
152 3430 214 3510 52,
234 3421 296 3502 21]
334 3412 637 3497 Palaepharsali
669 3418 755 3478 recte
789 3414 876 3494 edd,
912 3435 988 3476 nam
1020 3414 1127 3495 plure-

97 3524 138 3590 lis
172 3527 346 3599 nusquam
377 3501 444 3586 legi
472 3501 610 3568 uidetur.
634 3537 678 3547 —
705 3525 736 3586 p.
760 3500 816 3584 52,
831 3502 888 3581 26]
922 3502 1127 3584 eringente
