2616 4048
451 216 561 271 LIBER
579 218 600 275 I.
630 217 707 274 OAP.
728 223 752 272 5.
1067 217 1107 282 21

164 383 215 448 19.
238 381 426 447 Hasdrubal
448 380 551 446 frater
574 379 782 464 Hannibalis,
806 402 879 445 cum
902 381 1022 446 saltum
1045 402 1111 446 non

95 475 209 557 posset
228 471 372 554 euadere,
386 469 533 536 faucibus
553 469 622 535 eius
637 469 790 556 obsessis,
805 470 873 556 egit
887 492 959 534 eum
974 467 1110 535 Claudio

95 559 228 624 Nerone
263 561 449 644 recepitque
486 558 655 625 dimissum
691 557 855 645 Hispania
896 580 1110 624 excessurum.
1139 595 1141 600 ,

97 649 268 714 cauillatus
296 648 411 714 deinde
436 648 681 714 condicionibus
709 647 776 712 dies
805 647 929 732 aliquot
957 649 1110 733 extraxit,

98 738 216 821 quibus
240 739 389 803 omnibus
411 759 479 803 non
503 737 615 803 omisit
643 759 701 821 per
724 739 881 822 angustos
905 737 1053 802 tramites
1076 741 1144 802 ets

96 827 138 891 ob
163 826 196 890 id
218 828 383 913 neglectos
407 825 571 892 dimittere
599 847 658 910 per
684 830 795 909 partes
819 826 1010 891 exercitum:
1039 825 1109 911 ipse

94 915 209 980 deinde
234 939 307 982 aum
329 915 465 1000 reliquis
489 914 648 1000 expeditis
672 913 767 980 facile
791 915 913 1000 effugit.

163 1004 215 1071 20.
239 1003 414 1088 Spartacus
432 1003 643 1088 fossamque
662 1006 731 1067 erat
750 1002 825 1068 aM.
841 1001 959 1068 Orasso
979 1004 1110 1068 circum-

95 1092 202 1177 datus,
222 1093 323 1158 caesis
343 1091 547 1177 captiuorum
566 1113 784 1175 pecorumque
803 1092 994 1175 corporibus
1013 1095 1111 1156 noctu

93 1181 237 1265 repleuit
259 1183 293 1245 et
316 1199 543 1263 supergressus
567 1184 626 1243 est.
1131 1197 1164 1246 10

164 1270 217 1332 21.
241 1267 342 1352 Idem,
365 1267 399 1333 iu
417 1265 541 1332 Vesuio
565 1267 716 1332 obsessus
741 1288 779 1332 ea
800 1270 908 1352 parte,
931 1289 994 1352 qua
1017 1290 1111 1333 mons

97 1355 298 1440 asperrimus
325 1358 396 1421 erat
422 1355 559 1440 ideoque
586 1355 818 1440 incustoditus,
848 1377 888 1421 ex
910 1356 1032 1422 uimine
1056 1357 1111 1422 sil-

96 1444 200 1510 uestri
225 1449 356 1510 catenas
380 1445 556 1511 conseruit:
585 1445 702 1530 quibus
730 1445 888 1510 demissus
915 1467 983 1511 non
1007 1447 1111 1512 solum

96 1532 212 1616 euasit,
233 1555 345 1599 uerum
365 1533 465 1599 etiam
483 1555 522 1598 ex
541 1534 607 1600 alio
626 1534 728 1600 latere
748 1534 900 1601 Clodium
918 1535 967 1600 ita
984 1536 1111 1620 terruit,

95 1626 133 1688 ut
158 1622 285 1706 aliquot
307 1622 455 1688 cohortes
485 1623 720 1709 gladiatoribus
749 1627 905 1708 quattuor
928 1632 960 1689 et
983 1628 1163 1711 septus-15

95 1712 188 1798 ginta
210 1711 373 1777 cesserint.

163 1801 216 1866 22.
238 1799 342 1885 Idem,
365 1822 438 1865 cum
458 1823 477 1865 a
496 1799 531 1866 P.
544 1799 682 1866 Varinio
708 1800 900 1886 proconsule
923 1803 1112 1884 praeclusus

96 1893 196 1971 esset,
224 1889 310 1973 palis
337 1911 395 1972 per
423 1888 551 1955 modica
578 1889 751 1954 interualla
776 1889 850 1955 fixis
879 1891 955 1953 ante
982 1892 1112 1974 portam

97 1981 205 2042 erecta
223 1977 396 2061 cadauera,
415 1977 572 2043 adornata
590 1983 680 2042 ueste
699 1982 796 2062 atque
815 1978 928 2062 armis,
952 1978 1113 2064 alligauit,

97 2071 134 2131 ut
157 2067 271 2149 procul
293 2066 497 2131 intuentibus
521 2065 673 2131 stationis
703 2067 826 2149 species
854 2069 953 2150 esset,
981 2067 1111 2151 ignibus
1130 2083 1166 2132 ao

95 2176 155 2236 per
188 2156 260 2219 tota
293 2157 400 2218 castra
431 2153 541 2218 factis:
578 2154 722 2238 imagine
753 2175 840 2218 uana
872 2154 985 2220 deluso
1017 2154 1113 2221 hoste

96 2241 210 2323 copias
234 2240 365 2305 silentio
387 2241 493 2305 noctis
516 2240 635 2305 eduxit.

166 2328 219 2392 23.
242 2326 397 2392 Brasidas
421 2327 485 2393 dux
507 2327 849 2412 Lacedaemoniorum,
873 2329 958 2394 circa
975 2330 1114 2414 Amphi-

94 2415 201 2501 polim
226 2415 268 2481 ab
287 2414 536 2481 Atheniensium
559 2416 767 2481 multitudine
786 2434 922 2482 numero
946 2419 1041 2502 inpar
1063 2419 1113 2484 de·

90 2504 291 2592 prehensus,
319 2505 532 2570 claudendum
561 2527 596 2570 se
622 2506 800 2590 praestitit,
828 2509 866 2570 ut
891 2527 950 2592 per
977 2507 1114 2591 longum
1133 2525 1166 2576 aa

90 2614 235 2660 ooronaa
273 2593 431 2660 ambitum
469 2596 657 2659 extenuaret
697 2593 851 2660 hostilem
887 2595 1114 2682 frequentiam,

91 2703 225 2770 quaque
248 2681 408 2747 rarissimi
431 2683 621 2767 obstabant,
646 2684 760 2767 erupit.

164 2771 217 2836 24.
239 2769 420 2855 Iphicrates
439 2772 474 2837 iu
488 2771 638 2857 Thracia,
655 2794 728 2837 cum
746 2773 899 2858 depresso
918 2772 991 2839 loco
1006 2779 1114 2841 castra

89 2859 270 2947 posuisset,
290 2861 490 2944 explorasset
509 2864 618 2926 autem
636 2862 678 2926 ab
697 2861 793 2926 hoste
811 2862 994 2946 proximum
1008 2865 1113 2928 teneri

168 3015 248 3071 acl.
267 3016 347 3086 ΗΡΙ
363 3024 381 3070 4
400 3017 549 3072 cauillatos
568 3016 639 3084 ΗΡ,
657 3033 705 3072 cm.
724 3019 783 3073 edd.
803 3016 947 3074 cauillatis
965 3018 1005 3089 dl
1028 3023 1112 3073 oan-

88 3089 196 3162 guetas
210 3087 245 3141 Η
257 3087 262 3158 Ι
283 3094 298 3141 6
313 3087 385 3142 obiit
396 3088 432 3143 H
445 3091 449 3154 Ι
466 3088 609 3158 ineliquis
619 3088 659 3157 H,
673 3089 719 3144 aad
733 3107 746 3143 s
760 3089 793 3143 ic
805 3105 860 3144 ras.
876 3089 1091 3170 duorumllitth
1106 3089 1110 3162 Ι

86 3157 733 3312 &dissidiipermessuit
751 3159 1113 3304 tailstl’rlttt

85 3299 216 3370 uimine]
230 3301 289 3353 urta
299 3298 471 3356 Frausheim
484 3302 543 3356 coli.
554 3301 633 3356 Flor.
645 3305 671 3367 3,
680 3304 727 3367 20,
735 3305 761 3355 4.
780 3299 858 3355 Par.
871 3298 988 3357 Orass.9
1028 3307 1060 3356 13
1071 3301 1112 3357 di-

85 3375 198 3459 missus
208 3369 243 3424 H
255 3373 259 3437 1
277 3374 310 3423 14
325 3370 496 3438 gladiumH
510 3372 637 3440 gladium
647 3371 683 3437 P,
696 3387 744 3426 cm.
755 3371 865 3456 Mod-l
871 3376 904 3426 17
919 3387 937 3425 a
950 3371 981 3426 P.
1058 3415 1064 3426 .
1079 3389 1113 3428 ecc

83 3445 220 3580 cra
237 3440 597 3582 taraiasa
610 3442 954 3594 stetisses&
966 3444 1113 3611 sijup

84 3596 123 3647 28
141 3585 218 3642 idem
231 3583 287 3649 sere
300 3583 449 3653 eaemplam
463 3587 574 3651 2,12‚4
590 3587 594 3651 Ι
615 3589 649 3637 29
668 3585 763 3638 autem
777 3615 810 3624 -
825 3583 929 3654 tenen]
944 3588 980 3637 ad
993 3599 1055 3637 nen
1068 3583 1102 3636 H
1134 3667 1137 3676 .
