2642 4046
175 204 239 269 106
378 202 454 260 IULI
471 201 649 259 PRONTINI
667 201 992 272 STRATEGEMATON

241 367 271 432 5.
294 365 538 451 Epaminondas
557 365 790 450 Mantinia<e>,
815 387 887 431 cum
914 365 1191 432 Lacedaemonios

174 457 208 520 in
227 456 409 521 subsidium
423 456 511 521 hoti
522 457 651 521 uenisse
675 455 957 539 animaduerteret,
979 459 1070 521 ratus
1093 477 1193 540 posse

173 545 448 610 Lacedaemonem
471 545 636 629 occupari,
665 545 692 610 si
716 545 800 610 olam
822 545 881 610 illo
903 544 1069 628 profectus
1093 548 1191 628 asset,
1307 585 1308 596 κ

173 637 268 699 nocte
293 634 423 698 crebros
446 634 538 719 ignes
566 633 637 698 fieri
659 634 773 717 iussit,
804 638 843 698 ut
872 634 979 719 specie
1001 633 1193 699 remanendi

139 736 155 787 ὁ
174 724 352 788 occultaret
369 722 614 808 profectionem.
661 722 752 789 seda
764 723 936 808 transfuga
953 721 1110 806 proditus,
1134 722 1191 788 ad-

176 814 286 877 secuto
311 811 453 876 exercitu
470 811 812 896 Lacedaemoniorum,
834 812 950 877 itinere
973 811 1103 895 quidem
1126 832 1192 897 quo

176 897 328 984 Spartam
356 901 489 984 petebat
516 901 656 985 destitit,
678 899 765 966 idem
788 904 898 966 tamon
922 900 1093 966 consilium
1116 922 1193 966 con·

174 990 274 1054 uertit
297 989 338 1054 ad
352 989 602 1056 Mantinienses:
627 1011 728 1073 aeque
752 989 838 1054 enim
861 988 992 1074 ignibus
1015 989 1112 1055 factis
1130 989 1194 1054 La·

174 1079 409 1163 oedaemonios,
427 1079 520 1164 quasi
534 1082 689 1161 maneret,
706 1077 881 1144 frustratus
900 1100 959 1162 per
975 1077 1194 1164 quadraginta

123 1181 156 1231 10
173 1168 265 1232 milia
287 1189 443 1252 passuum
461 1168 598 1233 reuertit
615 1166 810 1232 Mantiniam
833 1188 969 1251 eamque
994 1167 1114 1232 auxilio
1137 1165 1192 1232 de·

173 1257 324 1322 stitutam
348 1257 528 1342 occupauit.

172 1499 222 1554 EX
240 1499 451 1556 CONTRARIO
473 1501 597 1574 [VERO]
617 1500 724 1557 CIRCA
748 1499 923 1556 TU'I'LLAM
939 1499 1190 1558 OBSESSORUM.

345 1606 407 1661 XII.
434 1606 482 1661 DE
502 1605 719 1663 EXOITANDA
736 1606 835 1663 GURA
856 1606 1015 1664 SUORUM.

220 1772 248 1834 1.
275 1768 462 1836 Alcibiades
481 1769 588 1854 (dux)
608 1731 865 1854 Atheniensium,
889 1769 1021 1836 ciuitate
1041 1793 1099 1836 sua
1123 1769 1189 1856 <a>

99 1789 157 1952 (1⁶
174 1857 439 1924 Lacedaemoniis
463 1860 610 1944 obsessa,
637 1861 760 1924 ueritus
787 1861 1028 1944 neglegentiam
1051 1858 1190 1944 uigilum
1307 1911 1308 1926 ,

96 1953 104 2105 l
143 1969 147 1978 ·
175 1946 379 2012 denuntiauit
401 1947 453 2012 his
484 1949 539 2033 qni
562 1948 597 2014 in
620 1948 817 2014 stationibus
841 1952 949 2031 erant,
976 1950 1193 2014 obseruarent
1307 2029 1308 2032 Ἴ

97 2108 99 2123 Ι
121 2108 123 2112 .
173 2035 291 2115 lumen,
315 2037 401 2121 quod
414 2041 509 2103 nocte
523 2041 710 2104 ostentorus
730 2041 816 2102 esset
835 2057 874 2101 ex
894 2059 975 2120 arce,
997 2042 1031 2101 et
1054 2036 1095 2102 ad
1119 2059 1194 2102 con·
1307 2061 1308 2076 ¹

46 2143 67 2198 7
95 2126 99 2174 i
174 2129 319 2209 spectum
348 2127 416 2192 sius
443 2127 508 2211 ipsi
534 2148 661 2212 quoque
689 2127 814 2191 lumina
837 2127 1036 2210 attollerent3
1068 2125 1193 2210 inquo

62 2245 68 2263 ν
94 2177 99 2278 l
173 2236 306 2279 munere
325 2216 382 2300 qui
404 2221 572 2299 cessasset,
590 2237 728 2300 poenam
746 2236 931 2299 passurum:
956 2214 1033 2280 dum
1052 2214 1193 2280 sollicite

121 2317 155 2368 20
174 2307 379 2387 exspectatur
398 2306 528 2389 signum
552 2304 651 2388 ducis,
674 2303 905 2390 peruigilatum
930 2304 970 2369 ab
985 2305 1136 2369 omnibus
1160 2307 1195 2368 et

174 2396 342 2476 suspectae
365 2393 471 2458 noctis
494 2394 672 2476 periculum
696 2393 855 2458 euitatum
880 2397 938 2458 est.

242 2483 271 2545 2.
308 2480 490 2565 Iphicrates
524 2481 587 2546 dux
620 2481 886 2560 Atheniensium,
924 2503 995 2546 oum
1027 2479 1193 2566 praesidio

175 2567 367 2635 Corinthum
390 2574 516 2636 teneret
539 2574 572 2634 et
600 2571 660 2635 sub
684 2571 859 2636 aduentum
882 2569 1028 2635 hostium
1049 2569 1120 2654 ipse
1144 2571 1194 2635 ui·

175 2657 270 2741 gilias
290 2658 482 2742 circumiret,
505 2659 647 2744 uigilem,
667 2681 762 2744 quem
780 2659 993 2724 dormientem
1012 2659 1194 2744 inuenerat,

121 2761 155 2812 ao
173 2746 337 2810 transfixit
367 2747 510 2832 cuspide:
540 2746 626 2832 quod
653 2747 775 2813 factum
804 2747 997 2834 quibusdam
1019 2751 1191 2833 tamquam

247 2944 261 2992 1
285 2937 488 3008 Epiminondas
506 2939 551 2993 H¹
582 2937 828 3008 Epimanondast
852 2943 857 3007 1
885 2937 1040 2994 Mantiniae
1067 2955 1130 2996 coe:
1155 2942 1192 3010 cf.

170 3027 201 3080 p.
220 3015 269 3079 52,
287 3015 324 3067 21
344 3015 369 3065 et
389 3011 632 3082 Troy.1rrol.6,6
654 3011 792 3066 mantinia
805 3011 869 3065 ΗΡ
889 3010 1089 3067 mantiniamd
1115 3012 1193 3082 apud

173 3081 342 3207 Mantinfliam
361 3083 421 3137 edd.
442 3084 446 3150 Ι
469 3081 646 3137 ainobsidiu
663 3080 846 3138 hocuenissc
864 3082 908 3138 H¹
930 3083 936 3151 Ι
961 3088 976 3136 9
996 3082 1063 3139 .XL.
1083 3083 1131 3151 ΡΙ
1158 3088 1192 3137 10

175 3169 246 3221 aque

248 3230 279 3278 12
299 3239 367 3278 usto
385 3225 463 3278 eiecit
480 3224 500 3279 d
517 3229 554 3279 uo
568 3224 601 3278 Η
617 3223 681 3279 uelo
696 3224 735 3279 P:
752 3225 788 3293 cs.
798 3240 829 3295 p.
843 3229 922 3292 &ac
938 3227 943 3292 Ι
960 3231 993 3280 13
1011 3223 1194 3281 exercitanda

174 3294 243 3361 ΗΡ,
262 3309 331 3350 corr.
346 3294 386 3365 dl
408 3301 442 3349 14
459 3295 516 3348 dux
533 3296 676 3365 orepploaa':
694 3298 728 3364 cf.
744 3299 924 3367 p.101,191
945 3296 1056 3352 athonis
1069 3295 1098 3350 P
1112 3296 1193 3351 athe·

174 3365 279 3420 niensis
294 3366 313 3420 d
329 3369 332 3434 Ι
349 3380 367 3418 a
384 3367 448 3421 odd.
464 3367 483 3421 d
498 3368 503 3434 1
520 3371 553 3422 16
572 3365 664 3435 iisPl
685 3372 718 3421 1‘1
738 3367 899 3422 ostensurus
913 3370 933 3422 d
948 3367 953 3437 Ι
975 3367 1051 3422 esset
1067 3382 1119 3422 om.
1132 3365 1170 3420 H

175 3442 209 3490 19
224 3451 336 3491 munera
351 3435 401 3506 qui
414 3436 455 3503 H,
467 3439 514 3492 aed
527 3454 557 3493 re
573 3437 622 3506 qui
635 3439 668 3492 ia
680 3454 736 3494 roc.
751 3439 770 3492 t
785 3439 790 3510 Ι
806 3441 962 3494 cessassent
971 3438 1005 3491 H
1020 3442 1084 3494 octe
1097 3453 1167 3494 corr.

174 3511 208 3561 21
228 3506 364 3562 euitatum
378 3507 423 3574 H,
441 3509 579 3563 seditio
597 3510 959 3579 ras.qae'aqaelitt.lsl23
978 3507 1039 3579 ipae
1058 3525 1109 3566 orn.
1124 3509 1169 3563 H¹

174 3583 210 3632 24
227 3577 375 3633 inuenerat
393 3578 427 3631 H
450 3578 563 3634 uiderat
578 3580 606 3633 P
