2642 4046
441 205 551 262 LIBER
569 205 617 263 111.
646 205 724 264 CAP.
743 210 822 261 2-3.
1092 205 1136 271 93

121 369 251 434 biturus
274 373 361 436 esset
382 369 451 435 uini
469 369 700 456 epularumque
719 370 862 454 copiam:
884 369 1058 434 insidiatus
1076 369 1136 454 igi-

122 463 177 523 tur
198 458 361 524 hilaritati
378 461 412 524 et
430 480 512 544 quae
534 479 607 524 eam
630 459 826 544 sequebatur
844 457 1011 524 socordiae
1034 459 1137 523 muni-

122 549 236 612 menta
254 547 440 614 conscendit
462 548 681 633 uigilibusque
705 549 808 614 caesis
831 547 959 632 aperuit
982 548 1138 614 exero'tui

122 634 274 702 Romano
297 637 412 702 urbem
434 637 599 703 nobilibus
621 637 768 704 uictoriis
792 637 923 703 claram.

190 725 221 791 3.
252 724 449 811 Tarquinius
473 724 653 812 Superbus,
683 747 757 792 cum
786 725 908 792 Gabios
938 726 973 792 iu
1003 724 1172 794 deditio-o

122 835 197 878 nem
221 815 365 900 accipere
382 836 450 880 non
467 817 590 900 posset,
612 815 714 879 filium
738 836 833 880 suum
852 813 986 880 Sextum
1000 813 1137 900 Tarqui-

120 903 214 968 nium
245 924 376 970 caesum
408 903 513 989 uirgis
546 903 588 968 ad
619 902 749 968 hostem
781 903 880 969 misit
929 903 959 968 is
988 903 1137 970 incusata

121 992 226 1076 patris
253 992 395 1058 saeuitia
420 991 584 1076 persuasit
611 989 761 1073 Gabinis,
792 991 866 1056 odio
894 1012 953 1056 suo
981 992 1137 1057 aduersus

121 1101 235 1165 regem
265 1084 449 1145 uterentur:
481 1083 515 1144 et
542 1079 606 1144 dux
634 1078 676 1144 ad
701 1078 825 1145 bellum
852 1079 974 1145 electus
1003 1078 1138 1145 tradidit

120 1168 208 1252 patri
231 1167 362 1233 Gabios.
1159 1186 1192 1237 10

189 1256 221 1322 4.
255 1254 363 1340 Cyrus
386 1255 559 1321 Persarum
585 1276 643 1321 rex
671 1256 824 1321 comitem
848 1277 943 1321 suum
966 1255 1138 1340 Zopyrum,

124 1344 296 1427 explorata
319 1344 387 1409 eius
409 1343 490 1428 fids,
520 1347 673 1410 huncata
705 1344 744 1410 de
776 1345 938 1410 industria
967 1344 1069 1429 facie,
1098 1344 1139 1410 ad

123 1433 237 1498 hostes
266 1432 399 1498 dimisit.
444 1432 500 1498 ille
527 1432 719 1498 adsentante
746 1433 938 1500 iniuriarum
973 1433 1037 1498 fide
1074 1454 1138 1498 cre·

123 1520 212 1587 ditus
234 1520 477 1586 inimicissimus
497 1519 592 1606 Oyro,
615 1544 688 1588 cum
710 1522 796 1589 hauc
817 1522 1063 1608 persuasionem
1086 1523 1139 1586 ad·

122 1610 252 1677 iuuaret
264 1609 483 1696 procurrendo
496 1612 641 1696 propius,
665 1613 812 1696 quotiens
827 1613 896 1678 acie
909 1612 1138 1696 decertaretur,
1158 1630 1192 1680 15

122 1702 156 1764 et
178 1700 213 1764 iu
234 1721 310 1765 eum
332 1698 400 1766 tela
422 1699 484 1764 diri
509 1699 603 1784 endo,
625 1701 830 1766 commissam
853 1700 917 1766 sibi
939 1701 1137 1785 Babylonio-

122 1809 195 1852 rum
217 1789 332 1854 urbem
354 1787 440 1854 tradi
462 1792 490 1854 1t
513 1785 608 1874 Cyro.

188 1876 219 1944 5.
247 1877 429 1962 Philippus,
443 1877 561 1962 oppido
576 1874 750 1943 Saniorum
772 1878 929 1960 exclusus,
947 1877 1139 1962 Apollonidi

121 1964 287 2049 praefecto
307 1986 418 2030 eorum
437 1966 478 2030 ad
495 1965 714 2050 proditionem
733 1968 884 2049 corrupto
907 1967 1079 2050 persuasit,
1102 1969 1139 2030 ut

120 2052 305 2138 plaustrum
313 2053 421 2137 lapide
435 2052 591 2137 quadrato
606 2056 777 2118 oneratum
790 2053 910 2137 inipso
921 2053 1010 2118 aditu
1024 2058 1139 2139 portae
1158 2074 1192 2124 2ο

121 2145 270 2226 poneret:
293 2139 466 2206 confestim
486 2140 601 2206 deinde
620 2140 715 2225 signo
729 2141 807 2207 dato
820 2142 986 2207 insecutus
1005 2143 1139 2227 oppida

122 2251 184 2294 nos
200 2230 286 2294 oirca
306 2228 453 2312 inpedita
467 2233 582 2313 portae
597 2228 741 2294 claustra
751 2229 946 2315 trepidantis
970 2231 1140 2314 oppressit.

191 2317 221 2382 6.
253 2315 421 2382 Hannibal
445 2317 530 2401 apud
544 2316 730 2402 Tarentum,
753 2339 835 2402 quae
859 2318 1057 2402 apraesidio
1077 2318 1140 2384 Ro·

126 2425 224 2470 mano
248 2405 327 2472 duce
349 2403 444 2470 Liuio
466 2406 653 2491 tenebatur,
683 2404 871 2473 Oononeum
894 2407 1055 2491 quendam
1078 2406 1139 2473 Ta·

126 2494 299 2577 rentinum,
318 2514 414 2580 quem
428 2494 470 2559 ad
483 2494 701 2578 proditionem
721 2495 963 2580 sollicitauerat,
983 2495 1140 2562 eiusmodi
1159 2515 1192 2564 25

125 2582 257 2648 fallacia
283 2583 453 2668 instruxit,
483 2587 521 2648 ut
547 2582 605 2648 ille
633 2605 692 2669 per
718 2606 850 2651 oausam
877 2583 1018 2650 uenandi
1041 2588 1140 2650 noctu

125 2671 326 2756 procederet,
354 2673 448 2756 quasi
475 2672 509 2737 id
531 2693 589 2756 per
611 2671 739 2739 hostem
769 2674 909 2740 interdiu
931 2695 999 2738 non
1020 2674 1140 2740 liceret

196 2818 326 2868 3oaesas
346 2809 1139 2883 Gltisom.6hisP18patriGH!9duxadom.

14 2863 15 2868 ἵ
124 2881 171 2937 H¹
186 2883 191 2950 Ι
208 2888 240 2937 11
260 2880 360 2955 Cyrus]
379 2881 487 2938 Dareus
505 2881 586 2949 Ded„
603 2884 667 2940 item
684 2885 776 2953 infru.-
794 2885 829 2952 cf.
844 2885 936 2954 praef.
955 2883 976 2956 „S
991 2889 1024 2939 11
1043 2884 1047 2956 Ι
1067 2885 1140 2954 zopi-

121 2970 185 3008 rum
203 2952 256 3023 ΗΙ
276 2959 309 3008 12
327 2953 412 3009 facile
428 2954 542 3024 (lcsp.)
553 2953 605 3021 ΗΙ
623 2960 655 3009 13
670 2955 854 3010 adsentantae
868 2956 904 3009 Η
918 2955 986 3009 adse
1004 2955 1142 3010 tautaeG‘

122 3025 284 3080 assentante
294 3023 322 3078 P
336 3026 490 3081 attestante
500 3026 603 3081 Hortet
618 3027 623 3095 l
638 3025 770 3080 iniuriam
787 3025 823 3080 H
835 3028 839 3094 Ι
856 3026 1021 3080 adfirmante
1039 3025 1142 3080 iniuria

121 3095 207 3150 fidem
235 3097 408 3163 masmim,
435 3097 462 3151 si
483 3111 553 3165 opas
580 3099 773 3151 acromatum
797 3096 802 3167 Ι
828 3101 861 3150 16
880 3095 1055 3165 procurando
1079 3095 1145 3151 011

121 3165 313 3238 procursando
332 3167 434 3221 Hortei
454 3169 460 3236 Ι
488 3166 603 3250 propius
622 3166 651 3221 P
666 3166 831 3237 priusquam
852 3165 914 3222 GH
936 3165 1049 3221 obuiam
1063 3165 1141 3222 Hor·

123 3238 160 3294 tel
174 3238 180 3308 Ι
197 3242 230 3292 16
249 3237 364 3308 derigen
418 3236 444 3292 G
459 3239 464 3305 ι
479 3237 687 3294 babiloniorum
704 3235 769 3292 GH
782 3239 787 3308 Ι
809 3242 842 3292 18
862 3235 1009 3291 Saniorum
1024 3237 1051 3292 I.
1076 3237 1141 3293 Vos·

123 3309 184 3364 sias
202 3324 215 3362 s
440 3307 483 3363 ¹P
499 3308 670 3365 somniorum
687 3307 942 3379 1111111111ἱᾶοΡ
960 3306 1141 3378 appollouide

127 3378 203 3434 ὐῑΗ1
221 3377 395 3449 appollouidi
413 3380 455 3449 t}
484 3384 519 3434 22
537 3379 710 3450 trepidantes
729 3379 765 3435 Η
784 3382 788 3448 Ι
816 3385 852 3434 28
870 3381 1013 3434 tarentum
1031 3379 1057 3435 G
1075 3396 1142 3434 areu

123 3451 161 3505 Η
163 3449 192 3504 Ρ
205 3452 210 3521 Ι
226 3455 261 3505 24
279 3448 450 3505 tenebantur
466 3451 511 3506 ΗῚ
526 3452 531 3522 Ι
547 3468 579 3508 eo
597 3467 719 3507 noueum
739 3450 805 3506 GH
808 3449 843 3518 P,
861 3465 930 3507 corr.
947 3450 1017 3507 Orod.
1037 3467 1071 3507 ea
1084 3451 1141 3520 Ap-

119 3521 388 3593 111111111321
408 3527 442 3576 26
461 3521 605 3578 eiusmodo
617 3521 692 3578 (ΗΡ
707 3522 712 3592 Ι
728 3527 762 3578 26
780 3538 831 3592 per
848 3521 867 3577 b
884 3523 916 3578 in
929 3537 983 3579 ros.
1000 3525 1005 3592 Ι
1020 3520 1142 3578 uenandi

124 3591 161 3648 Η
175 3594 207 3648 in
228 3608 283 3649 ros.
301 3595 356 3662 122
374 3592 484 3648 hostem
502 3609 535 3650 ec
551 3596 664 3650 noctem
681 3592 707 3648 G
722 3594 800 3664 1111
818 3593 910 3649 1116
