2616 4048
474 215 584 271 LIBER
602 216 622 273 Ι.
652 216 730 272 cnP.
750 223 773 272 5.
1090 215 1130 278 17

117 379 266 463 adgesta3
304 377 458 458 quosdam
492 379 613 463 aditus,
650 379 706 463 qui
737 378 778 444 ad
811 382 943 463 portum
974 378 1132 462 ferebant,

115 467 265 532 trabibus
293 467 491 533 transmissis
524 468 617 532 etin
646 469 781 533 densum
814 467 961 532 ordinem
989 467 1132 552 structis,

116 555 245 641 ingenti
263 555 348 619 mole
365 559 492 622 tutatus
511 555 614 640 (est).
653 556 770 640 quibus
788 555 983 640 perpetretis
1003 555 1043 621 ad
1063 577 1132 640 spe

118 645 201 708 ciem
224 644 410 709 retinendae
437 645 527 709 urbis
550 665 643 710 raros
665 667 725 729 pro
749 645 919 710 moenibus
933 645 1131 730 'sagittarios

116 732 262 817 reliquit,
280 736 405 798 ceteras
424 733 536 818 copias
558 733 627 798 sine
647 735 789 798 tumultu
808 733 850 798 ad
867 755 968 798 naues
988 732 1132 799 deduxit:
1151 748 1167 798 5

115 821 987 996 1ξὲἐὲἓὲἓὲ,ἶῖῗωῗζοξωῖῗῗῖῗξεέἒὲἓῗωῗῑ
1013 821 1133 887 enee

184 999 213 1064 6.
242 997 277 1064 (l.
301 998 447 1063 Duellius
471 998 585 1064 consul
613 1001 648 1063 in
672 1002 768 1082 portu
792 997 1009 1082 Syracusano,
1037 1019 1133 1080 quem

114 1091 239 1152 temere
257 1087 450 1169 intrauerat,
468 1086 597 1151 obiecta
615 1086 655 1150 ad
669 1087 852 1170 ingressum
871 1090 986 1152 catena
1005 1086 1133 1150 clausus

115 1176 288 1240 uniuersos
311 1173 347 1237 in
364 1195 507 1258 puppem
526 1175 639 1238 retulit
656 1174 778 1238 milites
797 1175 893 1258 atque
911 1175 959 1238 ita
981 1173 1135 1257 resupina
1153 1191 1187 1240 10

115 1262 251 1346 nauigia
287 1281 408 1346 magna
444 1262 679 1347 remigantium
715 1263 749 1326 ui
781 1262 971 1328 concitauit:
1007 1263 1133 1327 leuatae

117 1370 234 1434 prorae
258 1370 355 1432 super
381 1353 529 1416 catenam
557 1353 793 1434 processerunt.
838 1373 900 1432 qua
922 1353 1015 1434 parte
1039 1373 1134 1435 supe-

118 1441 191 1503 rata
218 1439 414 1522 transgressi
441 1460 553 1505 rursus
581 1439 702 1504 milites
728 1461 844 1524 proras
872 1444 1073 1525 presserunt,
1100 1439 1134 1503 in

118 1547 199 1611 quas
232 1547 361 1591 uersum
390 1528 517 1611 pondus
546 1528 715 1594 decursum
745 1551 842 1613 super
869 1532 1018 1597 catenam
1046 1528 1134 1593 dedit

116 1614 266 1680 nauibus.
1154 1632 1187 1682 15

185 1705 213 1770 l.
243 1704 412 1788 Lysander
437 1705 724 1790 Lacedaemonius,
752 1728 823 1771 cum
852 1707 887 1770 in
914 1709 1010 1790 portu
1033 1705 1133 1769 Athe·

116 1793 279 1858 niensium
299 1815 371 1858 oum
389 1797 461 1859 tota
480 1795 584 1860 classe
603 1795 820 1874 obsideretur,
844 1795 970 1859 obrutis
989 1794 1135 1858 hostium

115 1881 256 1946 nauibus
285 1883 326 1947 ab
356 1903 395 1946 ea
417 1887 524 1967 parte,
552 1904 617 1967 qua
643 1883 792 1950 faucibus
821 1883 1063 1968 angustissimis
1086 1882 1135 1946 in-

117 1969 191 2034 fluit
213 1991 317 2052 mare,
341 1970 462 2036 milites
486 1992 564 2036 suos
587 1971 672 2036 clam
695 1973 730 2035 in
753 1971 831 2036 litus
851 1971 962 2057 egredi
983 1971 1081 2035 iussit
1104 1973 1137 2035 et

117 2058 273 2123 subiectis
291 2059 375 2124 rotis
393 2080 495 2124 naues
516 2059 557 2124 ad
575 2060 760 2144 proximum
777 2063 910 2142 portum
923 2057 1135 2142 Munychiam
1154 2074 1189 2123 20

117 2147 256 2211 traiecit.

187 2233 217 2297 8.
240 2231 422 2297 Hirtuleius
444 2234 574 2318 legatus
594 2234 631 2310 Q.
652 2233 803 2317 Sertorii,
826 2255 902 2306 cum
921 2235 955 2297 in
974 2233 1137 2317 Hispanis

118 2321 206 2383 inter
229 2318 310 2384 dnos
333 2324 460 2384 montes
484 2321 640 2404 abruptos
664 2321 799 2406 longum
822 2324 855 2385 et
876 2324 1050 2406 angustum
1073 2323 1136 2387 iter

119 2409 288 2493 ingressus
316 2428 436 2491 paucas
460 2409 592 2474 duceret
614 2409 764 2474 cohortes
789 2410 1064 2494 comperissetque
1086 2410 1137 2474 in·

120 2499 253 2582 gentem
267 2517 399 2560 manum
413 2497 559 2564 hostium
574 2497 758 2582 aduentare,
776 2497 898 2563 fossam
915 2502 1136 2564 transuersam
1154 2515 1189 2565 25

117 2586 204 2650 inter
235 2589 366 2650 montes
399 2585 519 2670 pressit
551 2587 737 2672 uallumque
770 2588 909 2652 materia
935 2591 1136 2654 exstructum

118 2674 263 2740 incendit
286 2677 383 2758 etque
406 2675 453 2740 ite
475 2675 653 2757 intercluso
676 2676 771 2740 hoste
795 2677 909 2741 euasit.

186 2763 216 2827 9.
247 2761 282 2827 O.
306 2761 427 2828 Oeesar
449 2763 537 2828 bello
561 2764 665 2849 ciuili,
688 2786 761 2830 cum
785 2765 939 2831 aduersus
963 2764 1135 2831 Afranium

117 2851 230 2934 copias
259 2850 409 2916 educeret
437 2856 471 2916 et
497 2852 674 2937 recipiendi
702 2875 736 2918 se
764 2855 834 2918 sine
865 2854 1008 2938 periculo
1036 2854 1137 2919 fucul-

118 2943 222 3004 tatem
242 2961 307 3005 non
326 2940 475 3024 haberet,
496 2942 580 3007 sicut
599 2941 803 3022 constiterat,
822 2945 981 3026 primaet
966 2942 1137 3008 tsecunda
1156 2959 1191 3008 30

192 3082 272 3133 3est
291 3080 355 3134 odd.
375 3081 419 3148 dl
444 3086 557 3136 4roras
575 3081 621 3135 Ηι
646 3083 650 3149 Ι
677 3081 833 3152 'ldigressi
850 3084 925 3148 HP,
948 3082 1055 3137 current
1077 3082 1136 3136 coll.

120 3148 196 3204 Gaas.
217 3150 241 3204 b.
261 3165 283 3203 c.
302 3147 330 3217 1,
343 3155 394 3218 28,
408 3155 451 3216 31
476 3151 598 3221 nauigiis
616 3168 651 3207 ec
668 3168 758 3206 nauus
777 3169 847 3208 corr.
866 3153 921 3219 ΗΙ
947 3152 1137 3221 SSegestano

122 3219 246 3275 Oudon
264 3219 359 3291 Polyb.
380 3226 405 3288 1,
419 3226 472 3288 24,·
496 3224 531 3289 cf.
551 3223 699 3290 Zenon&
715 3227 748 3276 11
770 3224 775 3291 Ι
801 3224 928 3278 9clneus
947 3221 983 3276 H
999 3224 1004 3292 1
1029 3229 1063 3277 10
1081 3222 1137 3278 ret·

119 3290 187 3344 tulit
208 3289 236 3342 P
264 3292 268 3358 Ι
300 3296 332 3344 12
351 3262 529 3360 proieceinnt
547 3293 580 3346 Η
607 3296 611 3363 1
642 3299 675 3348 18
690 3263 801 3364 iurene]
822 3295 941 3349 cursuri
965 3297 969 3360 1
999 3299 1034 3348 20
1052 3309 1136 3348 mono

119 3359 207 3416 etiam
218 3360 289 3428 ΗΡ,
307 3378 355 3415 cm.
351 3309 442 3418 ΡΜ
459 3364 562 3430 lero
581 3365 613 3418 in
631 3380 686 3419 rus
700 3365 955 3431 triamfcrelitts
940 3364 1137 3434 (queffm,

120 3448 170 3488 om.
192 3432 249 3503 P}
275 3437 310 3486 24
354 3448 438 3488 ancos
452 3435 511 3503 ΗΙ
536 3440 570 3488 26
596 3433 733 3503 depressit
754 3433 870 3491 Gaiam
900 3435 1040 3506 percussit
1058 3435 1136 3489 Stew

120 3502 271 3574 praeduxit
244 3435 511 3713 'ngth
508 3505 645 3560 materiae
659 3504 703 3558 H¹
722 3507 889 3574 materien-
900 3455 948 3574 pcf.
965 3523 994 3575 p.
1010 3509 1094 3572 16,1.
1111 3510 1137 3559 6

121 3577 229 3642 2217
249 3577 354 3642 24,14
377 3577 381 3643 Ι
407 3581 442 3629 30
461 3575 485 3630 si
503 3575 688 3630 constituerat
706 3575 750 3630 H¹

173 3672 285 3713 Ἐ208228
304 3673 542 3714 normanorum
527 3686 550 3714 u.
961 3669 977 3716 2
