2616 4048
164 211 184 275 6
366 211 443 266 IULI
461 209 638 266 FRONTINI
657 209 979 266 STRATEGEMATON

160 377 276 458 pontes
295 373 433 458 iungunt
451 373 730 459 instrumentaque
747 373 938 458 moliuntur,
958 373 1176 458 quadraginta

161 462 300 546 amplius
333 463 401 526 dies
433 462 661 547 inpenderunt:
693 484 757 548 quo
791 463 896 546 spatio
928 461 1101 528 Ventidius
1134 463 1176 528 ad
1233 473 1238 480 '

161 550 397 616 contrahendas
420 572 497 615 usus
522 554 573 616 est
595 551 704 635 copias
728 551 838 636 eisque
857 552 979 635 triduo,
1003 554 1176 636 antequam

160 638 302 704 Parthus
332 640 513 723 adueniret,
543 639 682 724 'receptis
715 641 783 705 acie
811 639 985 706 commissa
1011 639 1092 706 uicit
1114 638 1176 706 Pa-

125 745 273 793 ocorum
297 732 329 792 et
351 729 523 794 interfecit.

228 817 257 880 7.
280 815 500 904 Mithridates,
524 817 791 883 circumuallante
810 816 982 901 Pompeio,
1003 816 1117 902 fugam
1141 817 1176 882 in

158 905 344 988 proximum
377 906 462 970 diem
495 907 648 990 moliens,
686 907 782 971 buius
819 907 948 971 consilii
980 905 1177 971 obscurandi

159 1015 258 1060 eausa
280 995 380 1060 latius
405 997 437 1059 et
459 1017 560 1080 usque
584 994 625 1059 ad
643 995 814 1078 adplicitas
838 995 927 1060 hosti
947 995 1052 1060 ualles
1075 996 1176 1079 pabu-

158 1083 260 1166 latus,
290 1084 463 1167 conloquia
487 1105 615 1168 quoque
639 1082 883 1167 cumpluribus
907 1084 1101 1149 auertendae
1124 1105 1176 1148 su·

107 1188 140 1238 10
160 1172 314 1255 spicionis
349 1195 445 1238 eausa
474 1173 509 1237 in
536 1176 702 1256 posterum
735 1172 919 1255 constituit,
951 1173 1042 1257 ignes
1075 1172 1176 1236 etiam

51 1329 53 1332 ,
158 1261 394 1344 frequentiores
407 1282 467 1345 per
480 1264 554 1326 tota
568 1265 675 1326 castra
692 1262 764 1327 fieri
777 1261 887 1326 iussit:
906 1259 1047 1326 secunda
1060 1260 1176 1325 deinde

159 1349 273 1433 uigilia
296 1353 425 1433 praeter
447 1350 522 1433 ipsa
544 1349 689 1414 hostium
712 1353 821 1414 eastra
844 1369 962 1434 agmen
986 1349 1105 1414 eduxit.

93 1444 124 1462 ²
225 1439 253 1503 8.
287 1436 472 1522 Imperator
504 1436 625 1502 Caesar
656 1438 864 1503 Domitianus
895 1437 1063 1523 Augustus
1097 1436 1175 1502 Ger·

157 1526 318 1609 manicus,
345 1529 418 1591 crim
442 1524 635 1608 Germanos,
664 1527 720 1610 qui
747 1527 781 1591 in
810 1527 910 1591 armis
938 1530 1046 1608 erant,
1075 1526 1177 1591 uellet

77 1648 82 1697 l
106 1633 138 1681 15
159 1615 342 1697 opprimere
364 1636 424 1680 nec
447 1614 614 1700 ignoraret
633 1615 755 1679 maiore
780 1615 902 1681 bellum
922 1614 1091 1679 molitione
1114 1614 1175 1679 ini·

77 1708 80 1774 ἕ
157 1705 263 1786 turos,
295 1703 324 1767 si
353 1703 530 1768 aduentum
560 1704 645 1768 tanti
673 1704 762 1768 ducis
795 1702 1070 1787 praesensissent,
1101 1725 1176 1787 pro·

80 1795 82 1803 ’
156 1791 290 1856 fectioni
319 1813 395 1856 suae
424 1813 539 1857 census
569 1793 716 1857 obtexuit
743 1791 937 1857 Galliarum:
967 1793 1027 1856 sub
1056 1791 1174 1876 quibus

157 1880 325 1964 inopinato
362 1881 449 1946 bello
486 1881 619 1946 adfusus
661 1883 796 1946 contusa
834 1881 1015 1945 inmanium
1053 1880 1176 1946 ferocia

73 1966 84 2056 ζ
157 1970 326 2033 nationum
349 1969 526 2052 prouinciis
550 1970 721 2035 consuluit.

84 2053 139 2125 ‘20
226 2057 256 2124 9.
271 2056 424 2123 Claudius
434 2056 532 2142 Nera,
545 2079 618 2122 cum
629 2081 645 2122 e
655 2081 690 2123 re
701 2058 830 2142 publica
840 2062 926 2122 esset
935 2056 1176 2122 Hasdrubalem

158 2145 330 2230 copiasque
349 2147 431 2230 eius,
450 2151 625 2231 antequam
643 2147 822 2212 Hannibali
839 2146 934 2210 fratri
954 2147 1176 2230 iungerentur,

159 2233 262 2298 excidi
281 2235 464 2320 idcircoque
483 2236 655 2301 festinaret
674 2258 707 2300 se
722 2235 817 2301 Liuio
833 2233 1011 2300 Salinatori
1031 2235 1175 2320 collegae

158 2345 227 2402 suo,
241 2326 293 2388 eui
311 2324 433 2389 bellum
450 2325 641 2390 mandatum
659 2324 775 2408 fuerat,
793 2345 910 2408 parum
927 2323 1031 2388 fidens
1049 2323 1175 2388 uiribus

158 2433 239 2496 quae
258 2414 317 2478 sub
337 2414 409 2496 ipso
429 2418 534 2498 eraut,
554 2413 727 2498 adiungere
745 2434 851 2496 neque
868 2415 979 2476 tamen
997 2410 1176 2477 discessum

104 2518 140 2568 25
160 2523 254 2565 suum
274 2502 314 2565 ab
333 2501 532 2583 Hannibale,
556 2503 608 2567 eui
631 2501 800 2585 oppositus
825 2505 907 2585 erat,
931 2501 1044 2565 sentiri
1067 2500 1176 2580 uellet,

159 2590 269 2653 decem
287 2589 380 2654 milia
399 2589 654 2655 fortissimorum
673 2589 815 2652 militum
833 2589 933 2672 elegit
946 2589 1176 2672 praecepitque

159 2678 291 2762 legatis,
311 2699 392 2762 quos
410 2679 627 2762 relinquebat,
646 2680 684 2741 ut
702 2676 832 2742 eaedem
852 2678 1010 2742 stationes
1029 2677 1177 2763 uigiliae·

160 2788 226 2851 que
245 2769 432 2850 agerentur,
460 2766 598 2832 totidem
626 2767 718 2851 ignes
748 2766 911 2845 arderent,
939 2765 1050 2830 eadem
1073 2766 1175 2832 facies

232 2947 245 2994 1
272 2939 431 3009 operosiore
454 2942 541 3010 ponte
560 2939 644 2995 Salm.
681 2939 802 3010 iungunt
820 2946 885 3010 post
908 2938 998 3008 ripam
1017 2937 1177 3010 camarata

163 3011 359 3079 Wuctsmutbl
385 3018 401 3065 2
421 3011 600 3081 inpenderint
617 3011 653 3064 H
668 3017 731 3067 aute
749 3013 838 3079 corut
859 3017 874 3066 6
893 3009 1067 3066 Mithridatis
1085 3011 1120 3065 H
1123 3011 1151 3065 P

160 3089 175 3137 7
196 3082 351 3152 proximam
367 3083 414 3150 ΡΙ
435 3089 451 3138 8
471 3082 621 3153 applicitos
639 3082 715 3137 hosti
732 3082 823 3137 ualles
838 3083 857 3137 d
873 3086 876 3148 Ι
895 3087 927 3135 12
947 3084 1039 3136 castra
1057 3098 1107 3137 cnr.
1122 3081 1157 3135 H

160 3159 225 3223 agffi
244 3154 288 3219 H,
311 3155 358 3209 sect
376 3170 394 3207 a
411 3155 443 3208 ia
461 3169 516 3208 rue.
535 3156 573 3221 bl
601 3157 633 3207 15
652 3153 810 3209 mollitiaue
829 3152 864 3206 H
881 3153 885 3219 Ι
900 3157 965 3222 post
982 3152 1100 3207 inituros
1119 3169 1176 3208 rus.

158 3230 290 3295 quattuor
313 3226 370 3291 fere
388 3225 440 3280 litt.
459 3225 495 3278 H
521 3228 525 3293 Ι
556 3232 589 3279 16
608 3223 789 3293 profectionis
808 3223 849 3291 (is
867 3239 901 3278 ea
919 3239 949 3277 es
967 3239 1035 3279 corr.
1054 3225 1084 3292 t)
1108 3239 1177 3279 suae

158 3313 257 3351 sensns
276 3295 311 3349 H
334 3295 536 3364 profectionem
564 3311 642 3350 suam
666 3312 750 3350 sensu
768 3293 807 3359 P,
826 3311 874 3348 em.
894 3294 987 3360 Mod.,·
1012 3296 1047 3362 ef.
1068 3298 1149 3361 12,2
1171 3295 1174 3366 Ι

161 3372 194 3421 17
210 3365 319 3422 obtexit
337 3367 356 3421 d
371 3367 375 3437 Ι
392 3367 443 3421 sub
463 3366 576 3437 quibus]
597 3365 705 3421 subitus
723 3366 852 3420 Herelius
871 3366 1065 3433 coll.2,3,14
1082 3365 1177 3420 subito

159 3438 287 3493 hostibus
300 3437 370 3493 Ded.
397 3440 401 3506 Ι
433 3445 465 3493 19
485 3437 634 3508 prouintiis
654 3437 689 3492 H
706 3438 711 3504 Ι
733 3442 768 3491 20
787 3439 852 3506 eres)
871 3437 924 3509 eet
935 3435 1025 3506 Haecu
1046 3439 1106 3492 eret
1123 3436 1152 3490 P
1297 3467 1298 3474 κ

160 3514 193 3562 21
213 3508 295 3563 fratri
312 3539 347 3550 —
366 3509 447 3564 Liuio
466 3509 501 3563 H
519 3510 551 3563 iu
573 3525 629 3563 ras.
655 3507 660 3578 Ι
684 3503 915 3589 iungeretur'd]
944 3512 978 3560 26
1002 3507 1095 3576 deegr
1127 3507 1146 3562 d

159 3585 194 3633 2'1
214 3580 324 3634 easdem
345 3581 380 3635 H
397 3579 401 3652 l
427 3580 557 3636 stationis
577 3578 643 3647 H¹l
667 3578 783 3648 uigiliae
802 3595 891 3648 aeque
910 3578 956 3644 ΡΙ
981 3582 1016 3632 28
1038 3576 1113 3648 ignis
1132 3578 1179 3632 Ηι
