<?xml version="1.0" encoding="UTF-8"?>
<!DOCTYPE html PUBLIC "-//W3C//DTD XHTML 1.0 Transitional//EN"
    "http://www.w3.org/TR/xhtml1/DTD/xhtml1-transitional.dtd">
<html xmlns="http://www.w3.org/1999/xhtml" xml:lang="en" lang="en">
 <head>
  <title>
</title>
<meta http-equiv="Content-Type" content="text/html;charset=utf-8" />
  <meta name='ocr-system' content='tesseract 3.04.00' />
  <meta name='ocr-capabilities' content='ocr_page ocr_carea ocr_par ocr_line ocrx_word'/>
</head>
<body>
  <div class='ocr_page' id='page_1' title='image "./ivlifrontinistr02gundgoog_0075.png"; bbox 0 0 2616 4048; ppageno 0'>
   <div class='ocr_carea' id='block_1_1' title="bbox 188 186 1007 256">
    <p class='ocr_par' dir='ltr' id='par_1_1' title="bbox 188 186 1007 256">
     <span class='ocr_line' id='line_1_1' title="bbox 188 186 1007 256; baseline -0.001 -10"><span class='ocrx_word' id='word_1_1' title='bbox 188 191 232 256; x_wconf 88' lang='grc'><strong>50</strong></span> <span class='ocrx_word' id='word_1_2' title='bbox 392 188 469 247; x_wconf 85' lang='lat' dir='ltr'>IULI</span> <span class='ocrx_word' id='word_1_3' title='bbox 486 186 665 244; x_wconf 82' lang='lat' dir='ltr'>FRONTINI</span> <span class='ocrx_word' id='word_1_4' title='bbox 684 186 1007 245; x_wconf 76' lang='lat' dir='ltr'><strong>STRATEGEMATON</strong></span> 
     </span>
    </p>
   </div>
   <div class='ocr_carea' id='block_1_2' title="bbox 134 348 1209 1769">
    <p class='ocr_par' dir='ltr' id='par_1_2' title="bbox 134 348 1209 1769">
     <span class='ocr_line' id='line_1_2' title="bbox 187 348 1209 437; baseline 0 -18"><span class='ocrx_word' id='word_1_5' title='bbox 187 355 238 420; x_wconf 90' lang='lat' dir='ltr'><strong>los</strong></span> <span class='ocrx_word' id='word_1_6' title='bbox 257 357 291 418; x_wconf 90' lang='lat' dir='ltr'><strong>et</strong></span> <span class='ocrx_word' id='word_1_7' title='bbox 308 351 445 437; x_wconf 86' lang='lat' dir='ltr'><strong>Ligures</strong></span> <span class='ocrx_word' id='word_1_8' title='bbox 464 356 497 417; x_wconf 90' lang='lat' dir='ltr'><strong>et</strong></span> <span class='ocrx_word' id='word_1_9' title='bbox 515 350 663 416; x_wconf 76' lang='lat' dir='ltr'>Baliares</span> <span class='ocrx_word' id='word_1_10' title='bbox 681 348 879 435; x_wconf 79' lang='lat' dir='ltr'>Maurosque</span> <span class='ocrx_word' id='word_1_11' title='bbox 897 351 1020 435; x_wconf 88' lang='lat' dir='ltr'><strong>posuit,</strong></span> <span class='ocrx_word' id='word_1_12' title='bbox 1042 355 1080 417; x_wconf 92' lang='lat' dir='ltr'><strong>ut</strong></span> <span class='ocrx_word' id='word_1_13' title='bbox 1096 373 1209 437; x_wconf 90' lang='lat' dir='ltr'><strong>neque</strong></span> 
     </span>
     <span class='ocr_line' id='line_1_3' title="bbox 186 439 1207 528; baseline 0.001 -21"><span class='ocrx_word' id='word_1_14' title='bbox 186 443 299 528; x_wconf 87' lang='lat' dir='ltr'><strong>fugere</strong></span> <span class='ocrx_word' id='word_1_15' title='bbox 330 444 467 527; x_wconf 89' lang='lat' dir='ltr'><strong>possent</strong></span> <span class='ocrx_word' id='word_1_16' title='bbox 494 439 613 505; x_wconf 85' lang='lat' dir='ltr'><strong>Poenis</strong></span> <span class='ocrx_word' id='word_1_17' title='bbox 642 461 661 504; x_wconf 94' lang='lat' dir='ltr'><strong>a</strong></span> <span class='ocrx_word' id='word_1_18' title='bbox 687 442 781 524; x_wconf 84' lang='lat' dir='ltr'><strong>tergo</strong></span> <span class='ocrx_word' id='word_1_19' title='bbox 815 440 978 506; x_wconf 88' lang='lat' dir='ltr'><strong>stantibus</strong></span> <span class='ocrx_word' id='word_1_20' title='bbox 1010 443 1044 505; x_wconf 89' lang='lat' dir='ltr'><strong>et</strong></span> <span class='ocrx_word' id='word_1_21' title='bbox 1073 439 1207 508; x_wconf 79' lang='lat' dir='ltr'><strong>hostem</strong></span> 
     </span>
     <span class='ocr_line' id='line_1_4' title="bbox 188 528 1206 617; baseline -0.001 -20"><span class='ocrx_word' id='word_1_22' title='bbox 188 530 346 617; x_wconf 90' lang='lat' dir='ltr'><strong>oppositi,</strong></span> <span class='ocrx_word' id='word_1_23' title='bbox 370 531 397 595; x_wconf 93' lang='lat' dir='ltr'><strong>si</strong></span> <span class='ocrx_word' id='word_1_24' title='bbox 420 550 486 595; x_wconf 89' lang='lat' dir='ltr'><strong>uon</strong></span> <span class='ocrx_word' id='word_1_25' title='bbox 508 528 716 612; x_wconf 76' lang='lat' dir='ltr'><strong>infestarent,</strong></span> <span class='ocrx_word' id='word_1_26' title='bbox 746 531 890 593; x_wconf 85' lang='lat' dir='ltr'><strong>atcerte</strong></span> <span class='ocrx_word' id='word_1_27' title='bbox 913 529 1103 615; x_wconf 77' lang='lat' dir='ltr'><strong>fatigarent:</strong></span> <span class='ocrx_word' id='word_1_28' title='bbox 1130 534 1206 596; x_wconf 91' lang='lat' dir='ltr'><strong>tum</strong></span> 
     </span>
     <span class='ocr_line' id='line_1_5' title="bbox 188 615 1207 705; baseline -0.001 -20"><span class='ocrx_word' id='word_1_29' title='bbox 188 621 254 686; x_wconf 91' lang='lat' dir='ltr'><strong>suis</strong></span> <span class='ocrx_word' id='word_1_30' title='bbox 279 624 312 684; x_wconf 91' lang='lat' dir='ltr'><strong>at</strong></span> <span class='ocrx_word' id='word_1_31' title='bbox 329 616 575 700; x_wconf 73' lang='lat' dir='ltr'><strong>Macedonibus,</strong></span> <span class='ocrx_word' id='word_1_32' title='bbox 598 617 654 701; x_wconf 90' lang='lat' dir='ltr'><strong>qui</strong></span> <span class='ocrx_word' id='word_1_33' title='bbox 677 617 743 682; x_wconf 90' lang='lat' dir='ltr'><strong>iam</strong></span> <span class='ocrx_word' id='word_1_34' title='bbox 765 616 871 682; x_wconf 86' lang='lat' dir='ltr'><strong>fessos</strong></span> <span class='ocrx_word' id='word_1_35' title='bbox 894 615 1061 704; x_wconf 82' lang='lat' dir='ltr'><strong>Romanos</strong></span> <span class='ocrx_word' id='word_1_36' title='bbox 1083 619 1207 705; x_wconf 86' lang='lat' dir='ltr'><strong>integri</strong></span> 
     </span>
     <span class='ocr_line' id='line_1_6' title="bbox 152 705 1206 793; baseline -0.001 -18"><span class='ocrx_word' id='word_1_37' title='bbox 152 725 168 775; x_wconf 80' lang='grc'><strong>1</strong></span> <span class='ocrx_word' id='word_1_38' title='bbox 187 709 387 793; x_wconf 85' lang='lat' dir='ltr'><strong>exciperent,</strong></span> <span class='ocrx_word' id='word_1_39' title='bbox 409 707 444 772; x_wconf 90' lang='lat' dir='ltr'><strong>in</strong></span> <span class='ocrx_word' id='word_1_40' title='bbox 462 705 604 772; x_wconf 88' lang='lat' dir='ltr'><strong>secunda</strong></span> <span class='ocrx_word' id='word_1_41' title='bbox 622 706 691 771; x_wconf 87' lang='lat' dir='ltr'><strong>acia</strong></span> <span class='ocrx_word' id='word_1_42' title='bbox 710 705 901 789; x_wconf 80' lang='lat' dir='ltr'><strong>conlocatis,</strong></span> <span class='ocrx_word' id='word_1_43' title='bbox 922 707 1118 773; x_wconf 85' lang='lat' dir='ltr'><strong>nouissimos</strong></span> <span class='ocrx_word' id='word_1_44' title='bbox 1137 709 1206 774; x_wconf 91' lang='lat' dir='ltr'><strong>Ita·</strong></span> 
     </span>
     <span class='ocr_line' id='line_1_7' title="bbox 186 794 1205 884; baseline 0 -21"><span class='ocrx_word' id='word_1_45' title='bbox 186 797 267 863; x_wconf 90' lang='lat' dir='ltr'><strong>licos</strong></span> <span class='ocrx_word' id='word_1_46' title='bbox 291 794 474 879; x_wconf 86' lang='lat' dir='ltr'><strong>constituit,</strong></span> <span class='ocrx_word' id='word_1_47' title='bbox 497 815 634 880; x_wconf 90' lang='lat' dir='ltr'><strong>quorum</strong></span> <span class='ocrx_word' id='word_1_48' title='bbox 654 798 687 860; x_wconf 88' lang='lat' dir='ltr'><strong>et</strong></span> <span class='ocrx_word' id='word_1_49' title='bbox 704 794 843 860; x_wconf 90' lang='lat' dir='ltr'><strong>timebat</strong></span> <span class='ocrx_word' id='word_1_50' title='bbox 860 795 957 860; x_wconf 84' lang='lat' dir='ltr'><strong>fidem</strong></span> <span class='ocrx_word' id='word_1_51' title='bbox 975 799 1009 862; x_wconf 87' lang='lat' dir='ltr'><strong>at</strong></span> <span class='ocrx_word' id='word_1_52' title='bbox 1026 797 1205 884; x_wconf 82' lang='lat' dir='ltr'><strong>segnitiam</strong></span> 
     </span>
     <span class='ocr_line' id='line_1_8' title="bbox 187 883 1205 970; baseline 0.001 -19"><span class='ocrx_word' id='word_1_53' title='bbox 187 885 373 969; x_wconf 89' lang='lat' dir='ltr'><strong>uerebatur‚</strong></span> <span class='ocrx_word' id='word_1_54' title='bbox 396 884 550 970; x_wconf 88' lang='lat' dir='ltr'><strong>quoniam</strong></span> <span class='ocrx_word' id='word_1_55' title='bbox 573 883 744 968; x_wconf 90' lang='lat' dir='ltr'><strong>plerosque</strong></span> <span class='ocrx_word' id='word_1_56' title='bbox 767 904 879 949; x_wconf 89' lang='lat' dir='ltr'><strong>corum</strong></span> <span class='ocrx_word' id='word_1_57' title='bbox 898 884 939 950; x_wconf 90' lang='lat' dir='ltr'><strong>ab</strong></span> <span class='ocrx_word' id='word_1_58' title='bbox 958 884 1056 950; x_wconf 88' lang='lat' dir='ltr'><strong>Italia</strong></span> <span class='ocrx_word' id='word_1_59' title='bbox 1077 885 1205 952; x_wconf 89' lang='lat' dir='ltr'><strong>inuitos</strong></span> 
     </span>
     <span class='ocr_line' id='line_1_9' title="bbox 187 977 378 1041; baseline 0 0"><span class='ocrx_word' id='word_1_60' title='bbox 187 977 378 1041; x_wconf 84' lang='lat' dir='ltr'><strong>extraxerat.</strong></span> 
     </span>
     <span class='ocr_line' id='line_1_10' title="bbox 254 1060 1205 1149; baseline -0.002 -19"><span class='ocrx_word' id='word_1_61' title='bbox 254 1063 362 1149; x_wconf 79' lang='lat' dir='ltr'><strong>Scipio</strong></span> <span class='ocrx_word' id='word_1_62' title='bbox 391 1061 546 1128; x_wconf 86' lang='lat' dir='ltr'><strong>aduersus</strong></span> <span class='ocrx_word' id='word_1_63' title='bbox 573 1060 659 1126; x_wconf 90' lang='lat' dir='ltr'><strong>hanc</strong></span> <span class='ocrx_word' id='word_1_64' title='bbox 685 1060 825 1126; x_wconf 88' lang='lat' dir='ltr'><strong>formam</strong></span> <span class='ocrx_word' id='word_1_65' title='bbox 851 1062 953 1127; x_wconf 92' lang='lat' dir='ltr'><strong>robur</strong></span> <span class='ocrx_word' id='word_1_66' title='bbox 979 1061 1118 1147; x_wconf 89' lang='lat' dir='ltr'><strong>legionis</strong></span> <span class='ocrx_word' id='word_1_67' title='bbox 1144 1065 1205 1128; x_wconf 90' lang='lat' dir='ltr'><strong>tri·</strong></span> 
     </span>
     <span class='ocr_line' id='line_1_11' title="bbox 136 1149 1204 1239; baseline -0.002 -21"><span class='ocrx_word' id='word_1_68' title='bbox 136 1171 167 1220; x_wconf 89' lang='lat'><strong>10</strong></span> <span class='ocrx_word' id='word_1_69' title='bbox 186 1153 265 1239; x_wconf 92' lang='lat' dir='ltr'><strong>plici</strong></span> <span class='ocrx_word' id='word_1_70' title='bbox 292 1153 361 1220; x_wconf 88' lang='lat' dir='ltr'><strong>acie</strong></span> <span class='ocrx_word' id='word_1_71' title='bbox 388 1151 424 1217; x_wconf 92' lang='lat' dir='ltr'><strong>in</strong></span> <span class='ocrx_word' id='word_1_72' title='bbox 450 1152 558 1217; x_wconf 86' lang='lat' dir='ltr'><strong>fronte</strong></span> <span class='ocrx_word' id='word_1_73' title='bbox 587 1149 773 1215; x_wconf 89' lang='lat' dir='ltr'><strong>ordinatum</strong></span> <span class='ocrx_word' id='word_1_74' title='bbox 799 1168 858 1234; x_wconf 87' lang='lat' dir='ltr'><strong>per</strong></span> <span class='ocrx_word' id='word_1_75' title='bbox 885 1149 1034 1216; x_wconf 76' lang='lat' dir='ltr'><strong>hastato·</strong></span> <span class='ocrx_word' id='word_1_76' title='bbox 1056 1153 1091 1216; x_wconf 89' lang='lat' dir='ltr'><strong>et</strong></span> <span class='ocrx_word' id='word_1_77' title='bbox 1112 1151 1204 1236; x_wconf 89' lang='lat' dir='ltr'><strong>prin-</strong></span> 
     </span>
     <span class='ocr_line' id='line_1_12' title="bbox 186 1238 1206 1396; baseline -0.002 0"><span class='ocrx_word' id='word_1_78' title='bbox 186 1243 337 1396; x_wconf 65' lang='lat' dir='ltr'><strong>{tut</strong></span> <span class='ocrx_word' id='word_1_79' title='bbox 363 1238 1206 1394; x_wconf 47' lang='grc' dir='ltr'><strong>ι11111111ὲῶ11361111111111011111</strong></span> 
     </span>
     <span class='ocr_line' id='line_1_13' title="bbox 187 1350 1204 1503; baseline 0 -20"><span class='ocrx_word' id='word_1_80' title='bbox 187 1417 290 1503; x_wconf 89' lang='lat' dir='ltr'><strong>dedit,</strong></span> <span class='ocrx_word' id='word_1_81' title='bbox 306 1380 365 1502; x_wconf 66' lang='lat' dir='ltr'><strong>pei</strong></span> <span class='ocrx_word' id='word_1_82' title='bbox 383 1417 469 1503; x_wconf 92' lang='lat' dir='ltr'><strong>quod</strong></span> <span class='ocrx_word' id='word_1_83' title='bbox 488 1350 652 1500; x_wconf 73' lang='lat' dir='ltr'><strong>eleplianti</strong></span> <span class='ocrx_word' id='word_1_84' title='bbox 670 1415 711 1480; x_wconf 91' lang='lat' dir='ltr'><strong>ab</strong></span> <span class='ocrx_word' id='word_1_85' title='bbox 730 1415 881 1481; x_wconf 87' lang='lat' dir='ltr'><strong>hostibus</strong></span> <span class='ocrx_word' id='word_1_86' title='bbox 900 1417 965 1482; x_wconf 87' lang='lat' dir='ltr'><strong>acti</strong></span> <span class='ocrx_word' id='word_1_87' title='bbox 984 1353 1204 1484; x_wconf 72' lang='lat' dir='ltr'><strong>facileptrans-</strong></span> 
     </span>
     <span class='ocr_line' id='line_1_14' title="bbox 186 1504 1204 1591; baseline -0.001 -19"><span class='ocrx_word' id='word_1_88' title='bbox 186 1506 275 1572; x_wconf 87' lang='lat' dir='ltr'><strong>mitti</strong></span> <span class='ocrx_word' id='word_1_89' title='bbox 307 1507 377 1571; x_wconf 88' lang='lat' dir='ltr'><strong>sine</strong></span> <span class='ocrx_word' id='word_1_90' title='bbox 408 1504 654 1590; x_wconf 73' lang='lat' dir='ltr'><strong>pertubatione</strong></span> <span class='ocrx_word' id='word_1_91' title='bbox 686 1504 837 1569; x_wconf 88' lang='lat' dir='ltr'><strong>ordinum</strong></span> <span class='ocrx_word' id='word_1_92' title='bbox 870 1510 1012 1589; x_wconf 86' lang='lat' dir='ltr'><strong>possent.</strong></span> <span class='ocrx_word' id='word_1_93' title='bbox 1059 1528 1098 1571; x_wconf 90' lang='lat' dir='ltr'><strong>ea</strong></span> <span class='ocrx_word' id='word_1_94' title='bbox 1127 1507 1204 1591; x_wconf 87' lang='lat' dir='ltr'><strong>ipsa</strong></span> 
     </span>
     <span class='ocr_line' id='line_1_15' title="bbox 134 1592 1206 1679; baseline -0.001 -18"><span class='ocrx_word' id='word_1_95' title='bbox 134 1611 167 1662; x_wconf 77' lang='grc'><strong>11</strong></span> <span class='ocrx_word' id='word_1_96' title='bbox 186 1594 362 1661; x_wconf 89' lang='lat' dir='ltr'><strong>interualla</strong></span> <span class='ocrx_word' id='word_1_97' title='bbox 389 1593 547 1679; x_wconf 87' lang='lat' dir='ltr'><strong>expeditis</strong></span> <span class='ocrx_word' id='word_1_98' title='bbox 570 1592 724 1657; x_wconf 89' lang='lat' dir='ltr'><strong>uelitibus</strong></span> <span class='ocrx_word' id='word_1_99' title='bbox 746 1592 897 1678; x_wconf 90' lang='lat' dir='ltr'><strong>iupleuit,</strong></span> <span class='ocrx_word' id='word_1_100' title='bbox 924 1615 965 1660; x_wconf 91' lang='lat' dir='ltr'><strong>ne</strong></span> <span class='ocrx_word' id='word_1_101' title='bbox 992 1593 1206 1661; x_wconf 82' lang='lat' dir='ltr'><strong>interluceret</strong></span> 
     </span>
     <span class='ocr_line' id='line_1_16' title="bbox 187 1681 1202 1769; baseline 0 -20"><span class='ocrx_word' id='word_1_102' title='bbox 187 1683 287 1764; x_wconf 88' lang='lat' dir='ltr'><strong>acies,</strong></span> <span class='ocrx_word' id='word_1_103' title='bbox 314 1682 391 1748; x_wconf 90' lang='lat' dir='ltr'><strong>dato</strong></span> <span class='ocrx_word' id='word_1_104' title='bbox 418 1682 470 1747; x_wconf 89' lang='lat' dir='ltr'><strong>his</strong></span> <span class='ocrx_word' id='word_1_105' title='bbox 493 1686 680 1767; x_wconf 88' lang='lat' dir='ltr'><strong>praecepto,</strong></span> <span class='ocrx_word' id='word_1_106' title='bbox 709 1684 746 1746; x_wconf 87' lang='lat' dir='ltr'><strong>ut</strong></span> <span class='ocrx_word' id='word_1_107' title='bbox 769 1681 810 1747; x_wconf 93' lang='lat' dir='ltr'><strong>ad</strong></span> <span class='ocrx_word' id='word_1_108' title='bbox 832 1683 991 1766; x_wconf 88' lang='lat' dir='ltr'><strong>impetum</strong></span> <span class='ocrx_word' id='word_1_109' title='bbox 1015 1684 1202 1769; x_wconf 90' lang='lat' dir='ltr'><strong>elephanto·</strong></span> 
     </span>
    </p>
   </div>
   <div class='ocr_carea' id='block_1_3' title="bbox 185 1769 1299 1857">
    <p class='ocr_par' dir='ltr' id='par_1_3' title="bbox 185 1769 1299 1857">
     <span class='ocr_line' id='line_1_17' title="bbox 185 1769 1299 1857; baseline -0.01 -18"><span class='ocrx_word' id='word_1_110' title='bbox 185 1795 258 1839; x_wconf 90' lang='lat' dir='ltr'><strong>rum</strong></span> <span class='ocrx_word' id='word_1_111' title='bbox 285 1771 339 1838; x_wconf 88' lang='lat' dir='ltr'><strong>uel</strong></span> <span class='ocrx_word' id='word_1_112' title='bbox 365 1775 453 1836; x_wconf 91' lang='lat' dir='ltr'><strong>retro</strong></span> <span class='ocrx_word' id='word_1_113' title='bbox 480 1770 534 1836; x_wconf 91' lang='lat' dir='ltr'><strong>uel</strong></span> <span class='ocrx_word' id='word_1_114' title='bbox 556 1770 591 1835; x_wconf 91' lang='lat' dir='ltr'><strong>in</strong></span> <span class='ocrx_word' id='word_1_115' title='bbox 619 1769 724 1835; x_wconf 87' lang='lat' dir='ltr'><strong>latera</strong></span> <span class='ocrx_word' id='word_1_116' title='bbox 751 1770 974 1836; x_wconf 87' lang='lat' dir='ltr'><strong>concederent.</strong></span> <span class='ocrx_word' id='word_1_117' title='bbox 1019 1773 1202 1857; x_wconf 86' lang='lat' dir='ltr'><strong>equitatum</strong></span> <span class='ocrx_word' id='word_1_118' title='bbox 1298 1769 1299 1800; x_wconf 63' lang='lat'>³</span> 
     </span>
    </p>
   </div>
   <div class='ocr_carea' id='block_1_4' title="bbox 133 1857 1204 2300">
    <p class='ocr_par' dir='ltr' id='par_1_4' title="bbox 185 1857 1204 2034">
     <span class='ocr_line' id='line_1_18' title="bbox 186 1857 1204 1946; baseline 0.001 -21"><span class='ocrx_word' id='word_1_119' title='bbox 186 1859 300 1926; x_wconf 90' lang='lat' dir='ltr'><strong>deinde</strong></span> <span class='ocrx_word' id='word_1_120' title='bbox 327 1862 361 1925; x_wconf 90' lang='lat' dir='ltr'><strong>in</strong></span> <span class='ocrx_word' id='word_1_121' title='bbox 385 1881 505 1926; x_wconf 84' lang='lat' dir='ltr'><strong>cornua</strong></span> <span class='ocrx_word' id='word_1_122' title='bbox 527 1858 640 1924; x_wconf 89' lang='lat' dir='ltr'><strong>diuisit</strong></span> <span class='ocrx_word' id='word_1_123' title='bbox 663 1863 696 1925; x_wconf 91' lang='lat' dir='ltr'><strong>et</strong></span> <span class='ocrx_word' id='word_1_124' title='bbox 718 1858 831 1925; x_wconf 83' lang='lat' dir='ltr'><strong>dextro</strong></span> <span class='ocrx_word' id='word_1_125' title='bbox 855 1857 1013 1925; x_wconf 84' lang='lat' dir='ltr'><strong>Romanis</strong></span> <span class='ocrx_word' id='word_1_126' title='bbox 1036 1861 1204 1946; x_wconf 87' lang='lat' dir='ltr'><strong>equitibus</strong></span> 
     </span>
     <span class='ocr_line' id='line_1_19' title="bbox 185 1946 1204 2034; baseline 0 -19"><span class='ocrx_word' id='word_1_127' title='bbox 185 1949 341 2034; x_wconf 90' lang='lat' dir='ltr'><strong>Laelium,</strong></span> <span class='ocrx_word' id='word_1_128' title='bbox 360 1949 491 2015; x_wconf 90' lang='lat' dir='ltr'><strong>sinistro</strong></span> <span class='ocrx_word' id='word_1_129' title='bbox 504 1947 656 2014; x_wconf 89' lang='lat' dir='ltr'><strong>Numidis</strong></span> <span class='ocrx_word' id='word_1_130' title='bbox 671 1946 880 2014; x_wconf 80' lang='lat' dir='ltr'><strong>Masinisram</strong></span> <span class='ocrx_word' id='word_1_131' title='bbox 894 1951 1098 2034; x_wconf 82' lang='lat' dir='ltr'><strong>praeposuit:</strong></span> <span class='ocrx_word' id='word_1_132' title='bbox 1118 1971 1204 2034; x_wconf 87' lang='lat' dir='ltr'><strong>quac</strong></span> 
     </span>
    </p>

    <p class='ocr_par' dir='ltr' id='par_1_5' title="bbox 133 2034 1204 2300">
     <span class='ocr_line' id='line_1_20' title="bbox 133 2034 1204 2125; baseline 0.001 -22"><span class='ocrx_word' id='word_1_133' title='bbox 133 2055 167 2106; x_wconf 84' lang='grc' dir='ltr'><strong>1ο</strong></span> <span class='ocrx_word' id='word_1_134' title='bbox 185 2034 261 2104; x_wconf 87' lang='lat' dir='ltr'><strong>tam</strong></span> <span class='ocrx_word' id='word_1_135' title='bbox 275 2037 418 2125; x_wconf 88' lang='lat' dir='ltr'><strong>prudens</strong></span> <span class='ocrx_word' id='word_1_136' title='bbox 442 2037 604 2104; x_wconf 88' lang='lat' dir='ltr'><strong>ordinatio</strong></span> <span class='ocrx_word' id='word_1_137' title='bbox 627 2059 693 2102; x_wconf 90' lang='lat' dir='ltr'><strong>uon</strong></span> <span class='ocrx_word' id='word_1_138' title='bbox 716 2036 813 2102; x_wconf 86' lang='lat' dir='ltr'><strong>dubie</strong></span> <span class='ocrx_word' id='word_1_139' title='bbox 836 2057 934 2103; x_wconf 85' lang='lat' dir='ltr'><strong>causa</strong></span> <span class='ocrx_word' id='word_1_140' title='bbox 951 2037 1108 2104; x_wconf 88' lang='lat' dir='ltr'><strong>uictoriae</strong></span> <span class='ocrx_word' id='word_1_141' title='bbox 1130 2038 1204 2104; x_wconf 72' lang='lat' dir='ltr'><strong>tric.</strong></span> 
     </span>
     <span class='ocr_line' id='line_1_21' title="bbox 254 2123 1203 2212; baseline -0.002 -18"><span class='ocrx_word' id='word_1_142' title='bbox 254 2129 305 2194; x_wconf 81' lang='lat'><strong>17.</strong></span> <span class='ocrx_word' id='word_1_143' title='bbox 328 2127 507 2193; x_wconf 86' lang='lat' dir='ltr'><strong>Archelaus</strong></span> <span class='ocrx_word' id='word_1_144' title='bbox 527 2125 681 2191; x_wconf 86' lang='lat' dir='ltr'><strong>aduersus</strong></span> <span class='ocrx_word' id='word_1_145' title='bbox 695 2123 731 2191; x_wconf 89' lang='lat' dir='ltr'><strong>L.</strong></span> <span class='ocrx_word' id='word_1_146' title='bbox 746 2123 869 2191; x_wconf 83' lang='lat' dir='ltr'><strong>Sullam</strong></span> <span class='ocrx_word' id='word_1_147' title='bbox 887 2125 922 2190; x_wconf 91' lang='lat' dir='ltr'><strong>in</strong></span> <span class='ocrx_word' id='word_1_148' title='bbox 940 2125 1048 2192; x_wconf 86' lang='lat' dir='ltr'><strong>fronte</strong></span> <span class='ocrx_word' id='word_1_149' title='bbox 1067 2127 1108 2192; x_wconf 81' lang='lat' dir='ltr'><strong>ad</strong></span> <span class='ocrx_word' id='word_1_150' title='bbox 1126 2149 1203 2212; x_wconf 90' lang='lat' dir='ltr'><strong>per-</strong></span> 
     </span>
     <span class='ocr_line' id='line_1_22' title="bbox 184 2214 1204 2300; baseline -0.001 -18"><span class='ocrx_word' id='word_1_151' title='bbox 184 2215 382 2291; x_wconf 68' lang='lat' dir='ltr'><strong>turbandum</strong></span> <span class='ocrx_word' id='word_1_152' title='bbox 410 2216 539 2282; x_wconf 89' lang='lat' dir='ltr'><strong>hostem</strong></span> <span class='ocrx_word' id='word_1_153' title='bbox 561 2215 700 2280; x_wconf 82' lang='lat' dir='ltr'><strong>falcatas</strong></span> <span class='ocrx_word' id='word_1_154' title='bbox 727 2214 902 2299; x_wconf 87' lang='lat' dir='ltr'><strong>quadrigas</strong></span> <span class='ocrx_word' id='word_1_155' title='bbox 930 2216 1067 2300; x_wconf 87' lang='lat' dir='ltr'><strong>locauit,</strong></span> <span class='ocrx_word' id='word_1_156' title='bbox 1093 2217 1129 2280; x_wconf 90' lang='lat' dir='ltr'><strong>in</strong></span> <span class='ocrx_word' id='word_1_157' title='bbox 1151 2239 1204 2282; x_wconf 90' lang='lat' dir='ltr'><strong>se·</strong></span> 
     </span>
    </p>
   </div>
   <div class='ocr_carea' id='block_1_5' title="bbox 185 2303 1298 2390">
    <p class='ocr_par' dir='ltr' id='par_1_6' title="bbox 185 2303 1298 2390">
     <span class='ocr_line' id='line_1_23' title="bbox 185 2303 1298 2390; baseline -0.002 -18"><span class='ocrx_word' id='word_1_158' title='bbox 185 2307 290 2372; x_wconf 89' lang='lat' dir='ltr'><strong>cunda</strong></span> <span class='ocrx_word' id='word_1_159' title='bbox 312 2306 381 2372; x_wconf 92' lang='lat' dir='ltr'><strong>acie</strong></span> <span class='ocrx_word' id='word_1_160' title='bbox 404 2304 601 2390; x_wconf 89' lang='lat' dir='ltr'><strong>phalangem</strong></span> <span class='ocrx_word' id='word_1_161' title='bbox 623 2303 878 2383; x_wconf 88' lang='lat' dir='ltr'><strong>Macedonicam,</strong></span> <span class='ocrx_word' id='word_1_162' title='bbox 904 2305 940 2370; x_wconf 94' lang='lat' dir='ltr'><strong>in</strong></span> <span class='ocrx_word' id='word_1_163' title='bbox 962 2305 1060 2370; x_wconf 89' lang='lat' dir='ltr'><strong>tertia</strong></span> <span class='ocrx_word' id='word_1_164' title='bbox 1082 2304 1203 2370; x_wconf 76' lang='lat' dir='ltr'><strong>Roma</strong></span> <span class='ocrx_word' id='word_1_165' title='bbox 1297 2378 1298 2388; x_wconf 10' lang='grc' dir='ltr'>χ</span> 
     </span>
    </p>
   </div>
   <div class='ocr_carea' id='block_1_6' title="bbox 133 2391 1204 2831">
    <p class='ocr_par' dir='ltr' id='par_1_7' title="bbox 184 2391 1203 2479">
     <span class='ocr_line' id='line_1_24' title="bbox 184 2391 1203 2479; baseline -0.001 -19"><span class='ocrx_word' id='word_1_166' title='bbox 184 2417 300 2460; x_wconf 90' lang='lat' dir='ltr'><strong>uorum</strong></span> <span class='ocrx_word' id='word_1_167' title='bbox 314 2415 404 2461; x_wconf 90' lang='lat' dir='ltr'><strong>more</strong></span> <span class='ocrx_word' id='word_1_168' title='bbox 418 2397 561 2459; x_wconf 88' lang='lat' dir='ltr'><strong>armatos</strong></span> <span class='ocrx_word' id='word_1_169' title='bbox 575 2393 758 2474; x_wconf 87' lang='lat' dir='ltr'><strong>auxiliares,</strong></span> <span class='ocrx_word' id='word_1_170' title='bbox 775 2392 888 2457; x_wconf 86' lang='lat' dir='ltr'><strong>mixtis</strong></span> <span class='ocrx_word' id='word_1_171' title='bbox 901 2391 1053 2479; x_wconf 81' lang='lat' dir='ltr'><strong>fugitiuis</strong></span> <span class='ocrx_word' id='word_1_172' title='bbox 1066 2393 1203 2460; x_wconf 84' lang='lat' dir='ltr'><strong>Italicae</strong></span> 
     </span>
    </p>

    <p class='ocr_par' dir='ltr' id='par_1_8' title="bbox 133 2480 1204 2831">
     <span class='ocr_line' id='line_1_25' title="bbox 133 2480 1203 2568; baseline 0.002 -22"><span class='ocrx_word' id='word_1_173' title='bbox 133 2499 166 2548; x_wconf 81' lang='lat' dir='ltr'><strong>ao</strong></span> <span class='ocrx_word' id='word_1_174' title='bbox 186 2485 308 2568; x_wconf 87' lang='lat' dir='ltr'><strong>gentis,</strong></span> <span class='ocrx_word' id='word_1_175' title='bbox 335 2503 472 2568; x_wconf 90' lang='lat' dir='ltr'><strong>quorum</strong></span> <span class='ocrx_word' id='word_1_176' title='bbox 498 2481 700 2566; x_wconf 88' lang='lat' dir='ltr'><strong>peruicaciae</strong></span> <span class='ocrx_word' id='word_1_177' title='bbox 726 2481 902 2565; x_wconf 90' lang='lat' dir='ltr'><strong>plurimum</strong></span> <span class='ocrx_word' id='word_1_178' title='bbox 929 2481 1064 2565; x_wconf 71' lang='lat' dir='ltr'><strong>fidebat,</strong></span> <span class='ocrx_word' id='word_1_179' title='bbox 1093 2480 1203 2548; x_wconf 90' lang='lat' dir='ltr'><strong>leuem</strong></span> 
     </span>
     <span class='ocr_line' id='line_1_26' title="bbox 185 2569 1204 2655; baseline -0.001 -18"><span class='ocrx_word' id='word_1_180' title='bbox 185 2577 385 2638; x_wconf 88' lang='lat' dir='ltr'><strong>armaturam</strong></span> <span class='ocrx_word' id='word_1_181' title='bbox 403 2572 438 2636; x_wconf 93' lang='lat' dir='ltr'><strong>in</strong></span> <span class='ocrx_word' id='word_1_182' title='bbox 456 2570 572 2635; x_wconf 87' lang='lat' dir='ltr'><strong>ultimo</strong></span> <span class='ocrx_word' id='word_1_183' title='bbox 592 2569 722 2653; x_wconf 81' lang='lat' dir='ltr'><strong>statuit3</strong></span> <span class='ocrx_word' id='word_1_184' title='bbox 745 2575 779 2633; x_wconf 92' lang='lat' dir='ltr'><strong>in</strong></span> <span class='ocrx_word' id='word_1_185' title='bbox 800 2573 936 2655; x_wconf 90' lang='lat' dir='ltr'><strong>utroque</strong></span> <span class='ocrx_word' id='word_1_186' title='bbox 959 2570 1074 2636; x_wconf 88' lang='lat' dir='ltr'><strong>deiude</strong></span> <span class='ocrx_word' id='word_1_187' title='bbox 1096 2571 1204 2636; x_wconf 87' lang='lat' dir='ltr'><strong>latere</strong></span> 
     </span>
     <span class='ocr_line' id='line_1_27' title="bbox 186 2657 1202 2745; baseline 0.001 -21"><span class='ocrx_word' id='word_1_188' title='bbox 186 2661 381 2745; x_wconf 86' lang='lat' dir='ltr'><strong>equitatum,</strong></span> <span class='ocrx_word' id='word_1_189' title='bbox 410 2659 501 2725; x_wconf 90' lang='lat' dir='ltr'><strong>cuius</strong></span> <span class='ocrx_word' id='word_1_190' title='bbox 525 2657 670 2742; x_wconf 90' lang='lat' dir='ltr'><strong>amplum</strong></span> <span class='ocrx_word' id='word_1_191' title='bbox 691 2678 864 2724; x_wconf 88' lang='lat' dir='ltr'><strong>numerum</strong></span> <span class='ocrx_word' id='word_1_192' title='bbox 886 2657 1042 2744; x_wconf 87' lang='lat' dir='ltr'><strong>habebat,</strong></span> <span class='ocrx_word' id='word_1_193' title='bbox 1064 2660 1202 2726; x_wconf 89' lang='lat' dir='ltr'><strong>circum-</strong></span> 
     </span>
     <span class='ocr_line' id='line_1_28' title="bbox 186 2747 671 2831; baseline -0.006 -18"><span class='ocrx_word' id='word_1_194' title='bbox 186 2748 283 2813; x_wconf 89' lang='lat' dir='ltr'><strong>eundi</strong></span> <span class='ocrx_word' id='word_1_195' title='bbox 304 2748 410 2813; x_wconf 89' lang='lat' dir='ltr'><strong>hostis</strong></span> <span class='ocrx_word' id='word_1_196' title='bbox 433 2768 530 2812; x_wconf 86' lang='lat' dir='ltr'><strong>causa</strong></span> <span class='ocrx_word' id='word_1_197' title='bbox 552 2747 671 2831; x_wconf 86' lang='lat' dir='ltr'><strong>posuit.</strong></span> 
     </span>
    </p>
   </div>
   <div class='ocr_carea' id='block_1_7' title="bbox 252 2833 1298 2921">
    <p class='ocr_par' dir='ltr' id='par_1_9' title="bbox 252 2833 1298 2921">
     <span class='ocr_line' id='line_1_29' title="bbox 252 2833 1298 2921; baseline 0.001 -20"><span class='ocrx_word' id='word_1_198' title='bbox 252 2835 376 2902; x_wconf 78' lang='lat' dir='ltr'><strong>Contra</strong></span> <span class='ocrx_word' id='word_1_199' title='bbox 392 2836 473 2901; x_wconf 90' lang='lat' dir='ltr'><strong>haec</strong></span> <span class='ocrx_word' id='word_1_200' title='bbox 487 2833 579 2901; x_wconf 86' lang='lat' dir='ltr'><strong>Sulla</strong></span> <span class='ocrx_word' id='word_1_201' title='bbox 597 2833 702 2900; x_wconf 88' lang='lat' dir='ltr'><strong>fossas</strong></span> <span class='ocrx_word' id='word_1_202' title='bbox 716 2835 845 2919; x_wconf 86' lang='lat' dir='ltr'><strong>amplae</strong></span> <span class='ocrx_word' id='word_1_203' title='bbox 863 2834 1048 2902; x_wconf 90' lang='lat' dir='ltr'><strong>latitudiuis</strong></span> <span class='ocrx_word' id='word_1_204' title='bbox 1062 2841 1203 2921; x_wconf 90' lang='lat' dir='ltr'><strong>utroque</strong></span> <span class='ocrx_word' id='word_1_205' title='bbox 1297 2855 1298 2858; x_wconf 72' lang='grc'>’</span> 
     </span>
    </p>
   </div>
   <div class='ocr_carea' id='block_1_8' title="bbox 183 2991 1204 3630">
    <p class='ocr_par' dir='ltr' id='par_1_10' title="bbox 183 2991 1204 3630">
     <span class='ocr_line' id='line_1_30' title="bbox 257 2991 1201 3064; baseline 0.003 -18"><span class='ocrx_word' id='word_1_206' title='bbox 257 2997 272 3046; x_wconf 94' lang='grc'><strong>1</strong></span> <span class='ocrx_word' id='word_1_207' title='bbox 292 2991 393 3064; x_wconf 88' lang='lat' dir='ltr'><strong>neque]</strong></span> <span class='ocrx_word' id='word_1_208' title='bbox 413 3009 468 3047; x_wconf 90' lang='lat' dir='ltr'><strong>non</strong></span> <span class='ocrx_word' id='word_1_209' title='bbox 487 2991 533 3061; x_wconf 80' lang='grc' dir='ltr'><strong>ΡΙ</strong></span> <span class='ocrx_word' id='word_1_210' title='bbox 555 2995 572 3046; x_wconf 83' lang='grc'><strong>3</strong></span> <span class='ocrx_word' id='word_1_211' title='bbox 591 2993 622 3047; x_wconf 88' lang='lat' dir='ltr'><strong>at</strong></span> <span class='ocrx_word' id='word_1_212' title='bbox 639 2991 698 3049; x_wconf 84' lang='lat' dir='ltr'><strong>edd.</strong></span> <span class='ocrx_word' id='word_1_213' title='bbox 718 2993 768 3046; x_wconf 89' lang='lat' dir='ltr'><strong>aut</strong></span> <span class='ocrx_word' id='word_1_214' title='bbox 781 2991 817 3046; x_wconf 93' lang='lat' dir='ltr'><strong><em>H</em></strong></span> <span class='ocrx_word' id='word_1_215' title='bbox 832 2993 878 3047; x_wconf 91' lang='lat' dir='ltr'><strong>uel</strong></span> <span class='ocrx_word' id='word_1_216' title='bbox 891 2993 937 3062; x_wconf 83' lang='grc' dir='ltr'><strong>ΡΙ</strong></span> <span class='ocrx_word' id='word_1_217' title='bbox 954 2998 970 3047; x_wconf 80' lang='lat' dir='ltr'><strong>t</strong></span> <span class='ocrx_word' id='word_1_218' title='bbox 989 2991 1113 3050; x_wconf 89' lang='lat' dir='ltr'><strong>secunda</strong></span> <span class='ocrx_word' id='word_1_219' title='bbox 1128 2992 1201 3050; x_wconf 72' lang='lat' dir='ltr'><strong>Orod.</strong></span> 
     </span>
     <span class='ocr_line' id='line_1_31' title="bbox 185 3061 1202 3189; baseline 0 -71"><span class='ocrx_word' id='word_1_220' title='bbox 185 3064 243 3119; x_wconf 89' lang='lat' dir='ltr'><strong>coll.</strong></span> <span class='ocrx_word' id='word_1_221' title='bbox 259 3063 325 3118; x_wconf 78' lang='lat' dir='ltr'><strong>Lia.</strong></span> <span class='ocrx_word' id='word_1_222' title='bbox 337 3067 383 3132; x_wconf 84' lang='lat'><strong>30,</strong></span> <span class='ocrx_word' id='word_1_223' title='bbox 392 3067 429 3119; x_wconf 88' lang='lat'><strong>33</strong></span> <span class='ocrx_word' id='word_1_224' title='bbox 453 3061 600 3189; x_wconf 54' lang='lat' dir='ltr'><strong>flummssl</strong></span> <span class='ocrx_word' id='word_1_225' title='bbox 614 3065 688 3130; x_wconf 88' lang='lat' dir='ltr'><strong>(tum</strong></span> <span class='ocrx_word' id='word_1_226' title='bbox 701 3067 821 3132; x_wconf 63' lang='lat' dir='ltr'><strong>aarum)</strong></span> <span class='ocrx_word' id='word_1_227' title='bbox 834 3062 870 3118; x_wconf 87' lang='lat' dir='ltr'><strong><em>H</em></strong></span> <span class='ocrx_word' id='word_1_228' title='bbox 884 3079 993 3118; x_wconf 87' lang='lat' dir='ltr'><strong>summa</strong></span> <span class='ocrx_word' id='word_1_229' title='bbox 1013 3065 1061 3132; x_wconf 89' lang='grc' dir='ltr'><strong>ΡΙ</strong></span> <span class='ocrx_word' id='word_1_230' title='bbox 1083 3071 1100 3120; x_wconf 87' lang='grc'><strong>6</strong></span> <span class='ocrx_word' id='word_1_231' title='bbox 1117 3061 1202 3119; x_wconf 86' lang='lat' dir='ltr'><strong>timc-</strong></span> 
     </span>
     <span class='ocr_line' id='line_1_32' title="bbox 184 3133 1204 3206; baseline 0.001 -17"><span class='ocrx_word' id='word_1_232' title='bbox 184 3134 253 3190; x_wconf 89' lang='lat' dir='ltr'><strong>bant</strong></span> <span class='ocrx_word' id='word_1_233' title='bbox 267 3134 312 3190; x_wconf 88' lang='lat' dir='ltr'><strong>H¹</strong></span> <span class='ocrx_word' id='word_1_234' title='bbox 332 3137 337 3204; x_wconf 89' lang='grc' dir='ltr'>Ι</span> <span class='ocrx_word' id='word_1_235' title='bbox 362 3133 512 3206; x_wconf 84' lang='lat' dir='ltr'><strong>segnitiem</strong></span> <span class='ocrx_word' id='word_1_236' title='bbox 529 3136 549 3190; x_wconf 85' lang='grc'><strong>1</strong></span> <span class='ocrx_word' id='word_1_237' title='bbox 601 3137 607 3203; x_wconf 86' lang='grc'><strong>1</strong></span> <span class='ocrx_word' id='word_1_238' title='bbox 633 3140 665 3188; x_wconf 94' lang='grc'><strong>11</strong></span> <span class='ocrx_word' id='word_1_239' title='bbox 686 3133 833 3190; x_wconf 87' lang='lat' dir='ltr'><strong>continuos</strong></span> <span class='ocrx_word' id='word_1_240' title='bbox 851 3135 886 3190; x_wconf 89' lang='lat' dir='ltr'><strong><em>H</em></strong></span> <span class='ocrx_word' id='word_1_241' title='bbox 903 3140 908 3202; x_wconf 86' lang='grc' dir='ltr'>Ι</span> <span class='ocrx_word' id='word_1_242' title='bbox 934 3139 968 3189; x_wconf 78' lang='lat'><strong>14</strong></span> <span class='ocrx_word' id='word_1_243' title='bbox 986 3139 1103 3204; x_wconf 86' lang='lat' dir='ltr'><strong>poscent</strong></span> <span class='ocrx_word' id='word_1_244' title='bbox 1122 3139 1150 3202; x_wconf 91' lang='lat' dir='ltr'><strong>(e</strong></span> <span class='ocrx_word' id='word_1_245' title='bbox 1167 3137 1204 3190; x_wconf 78' lang='lat' dir='ltr'><strong>ira</strong></span> 
     </span>
     <span class='ocr_line' id='line_1_33' title="bbox 183 3204 1201 3277; baseline 0.002 -17"><span class='ocrx_word' id='word_1_246' title='bbox 183 3210 252 3272; x_wconf 83' lang='lat' dir='ltr'><strong>rua.)</strong></span> <span class='ocrx_word' id='word_1_247' title='bbox 272 3205 324 3271; x_wconf 75' lang='lat' dir='ltr'><strong>H!</strong></span> <span class='ocrx_word' id='word_1_248' title='bbox 345 3211 379 3261; x_wconf 87' lang='lat'><strong>18</strong></span> <span class='ocrx_word' id='word_1_249' title='bbox 398 3205 497 3261; x_wconf 87' lang='lat' dir='ltr'><strong>dextro</strong></span> <span class='ocrx_word' id='word_1_250' title='bbox 516 3235 550 3248; x_wconf 87' lang='lat'><strong>--</strong></span> <span class='ocrx_word' id='word_1_251' title='bbox 570 3204 697 3276; x_wconf 85' lang='lat' dir='ltr'><strong>sinistro]</strong></span> <span class='ocrx_word' id='word_1_252' title='bbox 717 3209 814 3260; x_wconf 78' lang='lat' dir='ltr'><strong>contro</strong></span> <span class='ocrx_word' id='word_1_253' title='bbox 831 3204 897 3260; x_wconf 71' lang='lat' dir='ltr'><strong>Lice.</strong></span> <span class='ocrx_word' id='word_1_254' title='bbox 912 3209 959 3272; x_wconf 85' lang='lat'><strong>30,</strong></span> <span class='ocrx_word' id='word_1_255' title='bbox 973 3209 1018 3261; x_wconf 85' lang='grc'><strong>33.</strong></span> <span class='ocrx_word' id='word_1_256' title='bbox 1040 3205 1136 3277; x_wconf 79' lang='lat' dir='ltr'><strong>Polyb.</strong></span> <span class='ocrx_word' id='word_1_257' title='bbox 1153 3211 1201 3276; x_wconf 85' lang='lat'><strong>15,</strong></span> 
     </span>
     <span class='ocr_line' id='line_1_34' title="bbox 185 3274 1202 3350; baseline 0 -18"><span class='ocrx_word' id='word_1_258' title='bbox 185 3281 212 3342; x_wconf 86' lang='lat'><strong>9,</strong></span> <span class='ocrx_word' id='word_1_259' title='bbox 221 3280 256 3342; x_wconf 83' lang='lat'><strong>8;</strong></span> <span class='ocrx_word' id='word_1_260' title='bbox 273 3277 354 3331; x_wconf 82' lang='lat' dir='ltr'><strong>aliter</strong></span> <span class='ocrx_word' id='word_1_261' title='bbox 367 3277 493 3346; x_wconf 67' lang='lat' dir='ltr'><strong>Appiae.</strong></span> <span class='ocrx_word' id='word_1_262' title='bbox 506 3277 581 3332; x_wconf 75' lang='lat' dir='ltr'><strong>Pam.</strong></span> <span class='ocrx_word' id='word_1_263' title='bbox 591 3281 624 3331; x_wconf 82' lang='lat'><strong>41</strong></span> <span class='ocrx_word' id='word_1_264' title='bbox 642 3278 647 3346; x_wconf 91' lang='grc' dir='ltr'>Ι</span> <span class='ocrx_word' id='word_1_265' title='bbox 670 3282 705 3332; x_wconf 91' lang='grc'><strong>10</strong></span> <span class='ocrx_word' id='word_1_266' title='bbox 723 3274 840 3331; x_wconf 86' lang='lat' dir='ltr'><strong>dubied</strong></span> <span class='ocrx_word' id='word_1_267' title='bbox 867 3276 951 3350; x_wconf 68' lang='lat' dir='ltr'><strong>dubie</strong></span> <span class='ocrx_word' id='word_1_268' title='bbox 962 3277 1043 3346; x_wconf 89' lang='grc' dir='ltr'><strong>ΗΡΙ</strong></span> <span class='ocrx_word' id='word_1_269' title='bbox 1060 3281 1093 3332; x_wconf 91' lang='grc'><strong>11</strong></span> <span class='ocrx_word' id='word_1_270' title='bbox 1108 3275 1202 3332; x_wconf 80' lang='lat' dir='ltr'><strong>Ache·</strong></span> 
     </span>
     <span class='ocr_line' id='line_1_35' title="bbox 184 3346 1203 3418; baseline 0.003 -17"><span class='ocrx_word' id='word_1_271' title='bbox 184 3347 246 3402; x_wconf 83' lang='lat' dir='ltr'><strong>lens</strong></span> <span class='ocrx_word' id='word_1_272' title='bbox 264 3346 300 3401; x_wconf 90' lang='lat' dir='ltr'><strong><em>H</em></strong></span> <span class='ocrx_word' id='word_1_273' title='bbox 316 3350 321 3414; x_wconf 81' lang='grc'><strong>1</strong></span> <span class='ocrx_word' id='word_1_274' title='bbox 346 3346 447 3416; x_wconf 80' lang='lat' dir='ltr'><strong>syllam</strong></span> <span class='ocrx_word' id='word_1_275' title='bbox 465 3347 531 3404; x_wconf 83' lang='grc' dir='ltr'><strong>ΗΡ</strong></span> <span class='ocrx_word' id='word_1_276' title='bbox 553 3350 558 3417; x_wconf 92' lang='grc' dir='ltr'>Ι</span> <span class='ocrx_word' id='word_1_277' title='bbox 582 3346 704 3402; x_wconf 77' lang='lat' dir='ltr'><strong>frontem</strong></span> <span class='ocrx_word' id='word_1_278' title='bbox 722 3346 758 3401; x_wconf 87' lang='lat' dir='ltr'><strong><em>H</em></strong></span> <span class='ocrx_word' id='word_1_279' title='bbox 772 3352 837 3403; x_wconf 73' lang='lat' dir='ltr'><strong>arcte</strong></span> <span class='ocrx_word' id='word_1_280' title='bbox 853 3362 909 3404; x_wconf 82' lang='lat' dir='ltr'><strong>rua.</strong></span> <span class='ocrx_word' id='word_1_281' title='bbox 934 3352 939 3416; x_wconf 85' lang='grc' dir='ltr'>Ι</span> <span class='ocrx_word' id='word_1_282' title='bbox 964 3353 998 3402; x_wconf 87' lang='grc'><strong>11</strong></span> <span class='ocrx_word' id='word_1_283' title='bbox 1016 3347 1107 3404; x_wconf 85' lang='lat' dir='ltr'><strong>factas</strong></span> <span class='ocrx_word' id='word_1_284' title='bbox 1125 3347 1203 3418; x_wconf 83' lang='grc' dir='ltr'><strong>ΗΡ,</strong></span> 
     </span>
     <span class='ocr_line' id='line_1_36' title="bbox 184 3415 1203 3488; baseline 0.002 -15"><span class='ocrx_word' id='word_1_285' title='bbox 184 3433 252 3473; x_wconf 86' lang='lat' dir='ltr'><strong>corr.</strong></span> <span class='ocrx_word' id='word_1_286' title='bbox 267 3417 287 3472; x_wconf 88' lang='lat' dir='ltr'><strong>d</strong></span> <span class='ocrx_word' id='word_1_287' title='bbox 302 3418 306 3485; x_wconf 88' lang='grc' dir='ltr'>Ι</span> <span class='ocrx_word' id='word_1_288' title='bbox 331 3418 483 3472; x_wconf 83' lang='lat' dir='ltr'><strong>secundam</strong></span> <span class='ocrx_word' id='word_1_289' title='bbox 502 3418 594 3473; x_wconf 87' lang='lat' dir='ltr'><strong>aciem</strong></span> <span class='ocrx_word' id='word_1_290' title='bbox 612 3417 679 3486; x_wconf 67' lang='grc' dir='ltr'><strong>ΕΙ</strong></span> <span class='ocrx_word' id='word_1_291' title='bbox 701 3423 735 3471; x_wconf 82' lang='grc'><strong>13</strong></span> <span class='ocrx_word' id='word_1_292' title='bbox 753 3415 927 3488; x_wconf 83' lang='lat' dir='ltr'><strong>phalangam</strong></span> <span class='ocrx_word' id='word_1_293' title='bbox 945 3419 981 3474; x_wconf 89' lang='lat' dir='ltr'><strong><em>H</em></strong></span> <span class='ocrx_word' id='word_1_294' title='bbox 984 3420 1019 3486; x_wconf 92' lang='lat' dir='ltr'><strong>P,</strong></span> <span class='ocrx_word' id='word_1_295' title='bbox 1037 3435 1085 3475; x_wconf 83' lang='lat' dir='ltr'><strong>em.</strong></span> <span class='ocrx_word' id='word_1_296' title='bbox 1099 3421 1139 3484; x_wconf 76' lang='lat' dir='ltr'><strong>dl</strong></span> <span class='ocrx_word' id='word_1_297' title='bbox 1165 3425 1203 3475; x_wconf 75' lang='lat'><strong>25</strong></span> 
     </span>
     <span class='ocr_line' id='line_1_37' title="bbox 184 3487 1202 3571; baseline 0.004 -29"><span class='ocrx_word' id='word_1_298' title='bbox 184 3487 308 3543; x_wconf 80' lang='lat' dir='ltr'><strong>iaciebat</strong></span> <span class='ocrx_word' id='word_1_299' title='bbox 322 3487 358 3543; x_wconf 88' lang='lat' dir='ltr'><strong><em>H</em></strong></span> <span class='ocrx_word' id='word_1_300' title='bbox 373 3494 437 3545; x_wconf 74' lang='lat' dir='ltr'><strong>arcte</strong></span> <span class='ocrx_word' id='word_1_301' title='bbox 450 3505 518 3545; x_wconf 81' lang='lat' dir='ltr'><strong>corr.</strong></span> <span class='ocrx_word' id='word_1_302' title='bbox 536 3488 540 3563; x_wconf 92' lang='grc' dir='ltr'>Ι</span> <span class='ocrx_word' id='word_1_303' title='bbox 566 3495 600 3544; x_wconf 84' lang='grc'><strong>16</strong></span> <span class='ocrx_word' id='word_1_304' title='bbox 619 3487 739 3558; x_wconf 74' lang='grc' dir='ltr'><strong>ᾱοὶηΡΙ</strong></span> <span class='ocrx_word' id='word_1_305' title='bbox 763 3494 798 3544; x_wconf 80' lang='grc'><strong>19</strong></span> <span class='ocrx_word' id='word_1_306' title='bbox 817 3489 891 3571; x_wconf 72' lang='lat' dir='ltr'><strong>sylla</strong></span> <span class='ocrx_word' id='word_1_307' title='bbox 903 3489 957 3560; x_wconf 81' lang='grc' dir='ltr'><strong>ΗΙ</strong></span> <span class='ocrx_word' id='word_1_308' title='bbox 972 3491 1092 3560; x_wconf 86' lang='lat' dir='ltr'><strong>utraque</strong></span> <span class='ocrx_word' id='word_1_309' title='bbox 1106 3490 1153 3545; x_wconf 82' lang='lat'><strong>11¹</strong></span> <span class='ocrx_word' id='word_1_310' title='bbox 1170 3489 1202 3546; x_wconf 86' lang='lat' dir='ltr'><strong>in</strong></span> 
     </span>
     <span class='ocr_line' id='line_1_38' title="bbox 184 3559 700 3630; baseline -0.004 -14"><span class='ocrx_word' id='word_1_311' title='bbox 184 3561 302 3628; x_wconf 87' lang='lat' dir='ltr'><strong>utroque</strong></span> <span class='ocrx_word' id='word_1_312' title='bbox 321 3559 360 3614; x_wconf 89' lang='lat' dir='ltr'><strong>P:</strong></span> <span class='ocrx_word' id='word_1_313' title='bbox 381 3561 416 3627; x_wconf 77' lang='lat' dir='ltr'><strong>cf.</strong></span> <span class='ocrx_word' id='word_1_314' title='bbox 434 3577 461 3630; x_wconf 85' lang='lat' dir='ltr'><strong>p.</strong></span> <span class='ocrx_word' id='word_1_315' title='bbox 477 3564 523 3629; x_wconf 82' lang='lat'><strong>51,</strong></span> <span class='ocrx_word' id='word_1_316' title='bbox 537 3565 583 3618; x_wconf 77' lang='lat'><strong>27.</strong></span> <span class='ocrx_word' id='word_1_317' title='bbox 604 3563 648 3626; x_wconf 81' lang='lat'><strong>52,</strong></span> <span class='ocrx_word' id='word_1_318' title='bbox 662 3563 700 3614; x_wconf 82' lang='lat'><strong>12</strong></span> 
     </span>
    </p>
   </div>
   <div class='ocr_carea' id='block_1_9' title="bbox 0 0 1312 4048">
    <p class='ocr_par' dir='ltr' id='par_1_11' title="bbox 0 0 1312 4048">
     <span class='ocr_line' id='line_1_39' title="bbox 0 0 1312 4048; baseline 0 1"><span class='ocrx_word' id='word_1_319' title='bbox 0 0 1312 4048; x_wconf 95' lang='lat' dir='ltr'><strong> </strong></span> 
     </span>
    </p>
   </div>
  </div>
 </body>
</html>
