<?xml version="1.0" encoding="UTF-8"?>
<!DOCTYPE html PUBLIC "-//W3C//DTD XHTML 1.0 Transitional//EN"
    "http://www.w3.org/TR/xhtml1/DTD/xhtml1-transitional.dtd">
<html xmlns="http://www.w3.org/1999/xhtml" xml:lang="en" lang="en">
 <head>
  <title>
</title>
<meta http-equiv="Content-Type" content="text/html;charset=utf-8" />
  <meta name='ocr-system' content='tesseract 3.04.00' />
  <meta name='ocr-capabilities' content='ocr_page ocr_carea ocr_par ocr_line ocrx_word'/>
</head>
<body>
  <div class='ocr_page' id='page_1' title='image "./ivlifrontinistr02gundgoog_0120.png"; bbox 0 0 2642 4046; ppageno 0'>
   <div class='ocr_carea' id='block_1_1' title="bbox 423 196 1117 263">
    <p class='ocr_par' dir='ltr' id='par_1_1' title="bbox 423 196 1117 263">
     <span class='ocr_line' id='line_1_1' title="bbox 423 196 1117 263; baseline 0.004 -12"><span class='ocrx_word' id='word_1_1' title='bbox 423 196 534 252; x_wconf 77' lang='lat' dir='ltr'>LIBER</span> <span class='ocrx_word' id='word_1_2' title='bbox 550 197 598 256; x_wconf 88' lang='lat'>111.</span> <span class='ocrx_word' id='word_1_3' title='bbox 628 197 706 254; x_wconf 79' lang='grc' dir='ltr'>ΟΔΡ.</span> <span class='ocrx_word' id='word_1_4' title='bbox 726 203 804 254; x_wconf 80' lang='lat'>3-5.</span> <span class='ocrx_word' id='word_1_5' title='bbox 1074 199 1117 263; x_wconf 84' lang='lat'><strong>95</strong></span> 
     </span>
    </p>
   </div>
   <div class='ocr_carea' id='block_1_2' title="bbox 91 361 1173 1690">
    <p class='ocr_par' dir='ltr' id='par_1_2' title="bbox 91 361 1118 536">
     <span class='ocr_line' id='line_1_2' title="bbox 102 361 1118 446; baseline -0.003 -17"><span class='ocrx_word' id='word_1_6' title='bbox 102 364 262 429; x_wconf 89' lang='lat' dir='ltr'><strong>danorum</strong></span> <span class='ocrx_word' id='word_1_7' title='bbox 279 361 443 427; x_wconf 88' lang='lat' dir='ltr'><strong>frumento</strong></span> <span class='ocrx_word' id='word_1_8' title='bbox 463 361 637 446; x_wconf 84' lang='lat' dir='ltr'><strong>adgressus</strong></span> <span class='ocrx_word' id='word_1_9' title='bbox 660 361 774 429; x_wconf 89' lang='lat' dir='ltr'><strong>urbem</strong></span> <span class='ocrx_word' id='word_1_10' title='bbox 798 361 961 427; x_wconf 75' lang='lat' dir='ltr'><strong>alimentis</strong></span> <span class='ocrx_word' id='word_1_11' title='bbox 985 361 1118 427; x_wconf 89' lang='lat' dir='ltr'><strong>destitu-</strong></span> 
     </span>
     <span class='ocr_line' id='line_1_3' title="bbox 91 450 372 536; baseline 0.004 -22"><span class='ocrx_word' id='word_1_12' title='bbox 91 455 172 518; x_wconf 86' lang='lat' dir='ltr'><strong>tam</strong></span> <span class='ocrx_word' id='word_1_13' title='bbox 196 450 372 536; x_wconf 88' lang='lat' dir='ltr'><strong>superauit.</strong></span> 
     </span>
    </p>

    <p class='ocr_par' dir='ltr' id='par_1_3' title="bbox 171 537 1087 623">
     <span class='ocr_line' id='line_1_4' title="bbox 171 537 1087 623; baseline -0.002 -17"><span class='ocrx_word' id='word_1_14' title='bbox 171 541 216 622; x_wconf 88' lang='lat'><strong>[4.</strong></span> <span class='ocrx_word' id='word_1_15' title='bbox 248 538 339 604; x_wconf 88' lang='lat' dir='ltr'><strong>Idem</strong></span> <span class='ocrx_word' id='word_1_16' title='bbox 362 546 394 605; x_wconf 86' lang='lat' dir='ltr'><strong>ct</strong></span> <span class='ocrx_word' id='word_1_17' title='bbox 415 539 571 604; x_wconf 85' lang='lat' dir='ltr'><strong>aduersus</strong></span> <span class='ocrx_word' id='word_1_18' title='bbox 594 537 786 605; x_wconf 73' lang='lat' dir='ltr'>Himeraeos</span> <span class='ocrx_word' id='word_1_19' title='bbox 809 538 925 606; x_wconf 90' lang='lat' dir='ltr'><strong>fecisse</strong></span> <span class='ocrx_word' id='word_1_20' title='bbox 949 539 1087 623; x_wconf 72' lang='lat' dir='ltr'><strong>dicitur]</strong></span> 
     </span>
    </p>

    <p class='ocr_par' dir='ltr' id='par_1_4' title="bbox 101 627 1152 1052">
     <span class='ocr_line' id='line_1_5' title="bbox 170 627 1118 713; baseline -0.003 -17"><span class='ocrx_word' id='word_1_21' title='bbox 170 629 201 696; x_wconf 86' lang='lat'><strong>5.</strong></span> <span class='ocrx_word' id='word_1_22' title='bbox 232 627 416 694; x_wconf 80' lang='lat' dir='ltr'><strong>Alexander</strong></span> <span class='ocrx_word' id='word_1_23' title='bbox 443 631 690 713; x_wconf 80' lang='lat' dir='ltr'><strong>oppugnaturus</strong></span> <span class='ocrx_word' id='word_1_24' title='bbox 713 628 909 694; x_wconf 77' lang='lat' dir='ltr'><strong>Leucadiam</strong></span> <span class='ocrx_word' id='word_1_25' title='bbox 932 629 1118 695; x_wconf 88' lang='lat' dir='ltr'><strong>commeati-</strong></span> 
     </span>
     <span class='ocr_line' id='line_1_6' title="bbox 102 716 1152 802; baseline 0.002 -18"><span class='ocrx_word' id='word_1_26' title='bbox 102 718 163 784; x_wconf 90' lang='lat' dir='ltr'><strong>bus</strong></span> <span class='ocrx_word' id='word_1_27' title='bbox 178 718 395 784; x_wconf 72' lang='lat' dir='ltr'><strong>abundantem</strong></span> <span class='ocrx_word' id='word_1_28' title='bbox 414 716 505 802; x_wconf 90' lang='lat' dir='ltr'><strong>prius</strong></span> <span class='ocrx_word' id='word_1_29' title='bbox 528 717 673 801; x_wconf 87' lang='lat' dir='ltr'><strong>castelle,</strong></span> <span class='ocrx_word' id='word_1_30' title='bbox 693 740 775 802; x_wconf 88' lang='lat' dir='ltr'><strong>quae</strong></span> <span class='ocrx_word' id='word_1_31' title='bbox 793 718 827 784; x_wconf 93' lang='lat' dir='ltr'><strong>in</strong></span> <span class='ocrx_word' id='word_1_32' title='bbox 850 717 990 784; x_wconf 91' lang='lat' dir='ltr'><strong>confinio</strong></span> <span class='ocrx_word' id='word_1_33' title='bbox 1015 722 1152 802; x_wconf 74' lang='lat' dir='ltr'><strong>etanta</strong></span> 
     </span>
     <span class='ocr_line' id='line_1_7' title="bbox 103 805 1118 892; baseline -0.001 -20"><span class='ocrx_word' id='word_1_34' title='bbox 103 808 189 892; x_wconf 89' lang='lat' dir='ltr'><strong>cepit</strong></span> <span class='ocrx_word' id='word_1_35' title='bbox 221 828 398 892; x_wconf 89' lang='lat' dir='ltr'><strong>omnesque</strong></span> <span class='ocrx_word' id='word_1_36' title='bbox 430 827 470 870; x_wconf 89' lang='lat' dir='ltr'><strong>ex</strong></span> <span class='ocrx_word' id='word_1_37' title='bbox 505 806 558 872; x_wconf 87' lang='lat' dir='ltr'><strong>his</strong></span> <span class='ocrx_word' id='word_1_38' title='bbox 590 805 785 871; x_wconf 81' lang='lat' dir='ltr'><strong>Leucadiam</strong></span> <span class='ocrx_word' id='word_1_39' title='bbox 816 828 933 891; x_wconf 89' lang='lat' dir='ltr'><strong>passus</strong></span> <span class='ocrx_word' id='word_1_40' title='bbox 966 809 1016 871; x_wconf 88' lang='lat' dir='ltr'><strong>est</strong></span> <span class='ocrx_word' id='word_1_41' title='bbox 1048 828 1118 872; x_wconf 90' lang='lat' dir='ltr'><strong>con·</strong></span> 
     </span>
     <span class='ocr_line' id='line_1_8' title="bbox 102 895 1118 982; baseline -0.002 -21"><span class='ocrx_word' id='word_1_42' title='bbox 102 895 234 982; x_wconf 81' lang='lat' dir='ltr'><strong>fugere,</strong></span> <span class='ocrx_word' id='word_1_43' title='bbox 270 900 307 962; x_wconf 90' lang='lat' dir='ltr'><strong>ut</strong></span> <span class='ocrx_word' id='word_1_44' title='bbox 344 895 499 960; x_wconf 88' lang='lat' dir='ltr'><strong>alimenta</strong></span> <span class='ocrx_word' id='word_1_45' title='bbox 529 895 614 960; x_wconf 88' lang='lat' dir='ltr'><strong>inter</strong></span> <span class='ocrx_word' id='word_1_46' title='bbox 645 897 767 961; x_wconf 90' lang='lat' dir='ltr'><strong>multos</strong></span> <span class='ocrx_word' id='word_1_47' title='bbox 805 895 939 961; x_wconf 86' lang='lat' dir='ltr'><strong>celerius</strong></span> <span class='ocrx_word' id='word_1_48' title='bbox 973 895 1118 960; x_wconf 89' lang='lat' dir='ltr'><strong>absume·</strong></span> 
     </span>
     <span class='ocr_line' id='line_1_9' title="bbox 101 989 223 1052; baseline 0 -1"><span class='ocrx_word' id='word_1_49' title='bbox 101 989 223 1052; x_wconf 87' lang='lat' dir='ltr'><strong>rentur.</strong></span> 
     </span>
    </p>

    <p class='ocr_par' dir='ltr' id='par_1_5' title="bbox 102 1069 1173 1690">
     <span class='ocr_line' id='line_1_10' title="bbox 170 1069 1119 1157; baseline -0.003 -18"><span class='ocrx_word' id='word_1_50' title='bbox 170 1075 200 1139; x_wconf 89' lang='grc'><strong>6.</strong></span> <span class='ocrx_word' id='word_1_51' title='bbox 231 1072 383 1139; x_wconf 88' lang='lat' dir='ltr'><strong>Phalaris</strong></span> <span class='ocrx_word' id='word_1_52' title='bbox 406 1069 652 1157; x_wconf 82' lang='lat' dir='ltr'><strong>Agrigentinus,</strong></span> <span class='ocrx_word' id='word_1_53' title='bbox 676 1093 749 1136; x_wconf 89' lang='lat' dir='ltr'><strong>cum</strong></span> <span class='ocrx_word' id='word_1_54' title='bbox 772 1072 930 1157; x_wconf 87' lang='lat' dir='ltr'><strong>quaedam</strong></span> <span class='ocrx_word' id='word_1_55' title='bbox 953 1072 1026 1137; x_wconf 88' lang='lat' dir='ltr'><strong>loca</strong></span> <span class='ocrx_word' id='word_1_56' title='bbox 1049 1093 1119 1136; x_wconf 90' lang='lat' dir='ltr'><strong>mu-</strong></span> 
     </span>
     <span class='ocr_line' id='line_1_11' title="bbox 102 1158 1173 1246; baseline 0.004 -20"><span class='ocrx_word' id='word_1_57' title='bbox 102 1162 227 1227; x_wconf 87' lang='lat' dir='ltr'><strong>nitione</strong></span> <span class='ocrx_word' id='word_1_58' title='bbox 254 1164 328 1226; x_wconf 89' lang='lat' dir='ltr'><strong>tuta</strong></span> <span class='ocrx_word' id='word_1_59' title='bbox 355 1161 390 1224; x_wconf 92' lang='lat' dir='ltr'><strong>in</strong></span> <span class='ocrx_word' id='word_1_60' title='bbox 418 1158 532 1225; x_wconf 84' lang='lat' dir='ltr'><strong>Sicilia</strong></span> <span class='ocrx_word' id='word_1_61' title='bbox 559 1163 778 1246; x_wconf 76' lang='lat' dir='ltr'><strong>oppugnaret,</strong></span> <span class='ocrx_word' id='word_1_62' title='bbox 806 1161 959 1226; x_wconf 87' lang='lat' dir='ltr'><strong>simulato</strong></span> <span class='ocrx_word' id='word_1_63' title='bbox 989 1159 1118 1226; x_wconf 83' lang='lat' dir='ltr'><strong>foedere</strong></span> <span class='ocrx_word' id='word_1_64' title='bbox 1140 1181 1173 1230; x_wconf 86' lang='lat'><strong>10</strong></span> 
     </span>
     <span class='ocr_line' id='line_1_12' title="bbox 103 1247 1119 1334; baseline 0 -20"><span class='ocrx_word' id='word_1_65' title='bbox 103 1249 280 1332; x_wconf 84' lang='lat' dir='ltr'><strong>frumenta,</strong></span> <span class='ocrx_word' id='word_1_66' title='bbox 308 1269 391 1332; x_wconf 88' lang='lat' dir='ltr'><strong>quae</strong></span> <span class='ocrx_word' id='word_1_67' title='bbox 418 1247 548 1313; x_wconf 88' lang='lat' dir='ltr'><strong>residua</strong></span> <span class='ocrx_word' id='word_1_68' title='bbox 574 1248 695 1314; x_wconf 87' lang='lat' dir='ltr'><strong>hebere</strong></span> <span class='ocrx_word' id='word_1_69' title='bbox 718 1269 753 1313; x_wconf 89' lang='lat' dir='ltr'><strong>sc</strong></span> <span class='ocrx_word' id='word_1_70' title='bbox 777 1248 922 1331; x_wconf 87' lang='lat' dir='ltr'><strong>dicebat,</strong></span> <span class='ocrx_word' id='word_1_71' title='bbox 956 1249 1041 1334; x_wconf 91' lang='lat' dir='ltr'><strong>apud</strong></span> <span class='ocrx_word' id='word_1_72' title='bbox 1064 1270 1119 1314; x_wconf 91' lang='lat' dir='ltr'><strong>ees</strong></span> 
     </span>
     <span class='ocr_line' id='line_1_13' title="bbox 104 1335 1120 1422; baseline -0.002 -18"><span class='ocrx_word' id='word_1_73' title='bbox 104 1337 268 1422; x_wconf 76' lang='lat' dir='ltr'><strong>deposuit:</strong></span> <span class='ocrx_word' id='word_1_74' title='bbox 292 1335 407 1401; x_wconf 87' lang='lat' dir='ltr'><strong>deinde</strong></span> <span class='ocrx_word' id='word_1_75' title='bbox 430 1335 508 1402; x_wconf 86' lang='lat' dir='ltr'><strong>data</strong></span> <span class='ocrx_word' id='word_1_76' title='bbox 530 1359 642 1422; x_wconf 90' lang='lat' dir='ltr'><strong>opera,</strong></span> <span class='ocrx_word' id='word_1_77' title='bbox 666 1340 703 1403; x_wconf 90' lang='lat' dir='ltr'><strong>ut</strong></span> <span class='ocrx_word' id='word_1_78' title='bbox 725 1359 871 1403; x_wconf 87' lang='lat' dir='ltr'><strong>camerac</strong></span> <span class='ocrx_word' id='word_1_79' title='bbox 894 1341 1063 1421; x_wconf 90' lang='lat' dir='ltr'><strong>tectorum,</strong></span> <span class='ocrx_word' id='word_1_80' title='bbox 1085 1337 1120 1402; x_wconf 89' lang='lat' dir='ltr'><strong>in</strong></span> 
     </span>
     <span class='ocr_line' id='line_1_14' title="bbox 105 1425 1119 1513; baseline -0.004 -19"><span class='ocrx_word' id='word_1_81' title='bbox 105 1426 223 1513; x_wconf 90' lang='lat' dir='ltr'><strong>quibus</strong></span> <span class='ocrx_word' id='word_1_82' title='bbox 245 1427 279 1492; x_wconf 89' lang='lat' dir='ltr'><strong>id</strong></span> <span class='ocrx_word' id='word_1_83' title='bbox 308 1425 548 1511; x_wconf 85' lang='lat' dir='ltr'><strong>conferebatur,</strong></span> <span class='ocrx_word' id='word_1_84' title='bbox 577 1426 732 1492; x_wconf 72' lang='lat' dir='ltr'><strong>rescissae</strong></span> <span class='ocrx_word' id='word_1_85' title='bbox 760 1427 907 1511; x_wconf 91' lang='lat' dir='ltr'><strong>pluuiam</strong></span> <span class='ocrx_word' id='word_1_86' title='bbox 929 1428 1119 1512; x_wconf 86' lang='lat' dir='ltr'><strong>reciperent,</strong></span> 
     </span>
     <span class='ocr_line' id='line_1_15' title="bbox 104 1514 1119 1601; baseline -0.001 -20"><span class='ocrx_word' id='word_1_87' title='bbox 104 1537 159 1582; x_wconf 88' lang='lat' dir='ltr'><strong>eos</strong></span> <span class='ocrx_word' id='word_1_88' title='bbox 189 1514 309 1582; x_wconf 89' lang='lat' dir='ltr'><strong>fiducia</strong></span> <span class='ocrx_word' id='word_1_89' title='bbox 335 1515 459 1581; x_wconf 90' lang='lat' dir='ltr'><strong>conditi</strong></span> <span class='ocrx_word' id='word_1_90' title='bbox 481 1519 681 1583; x_wconf 87' lang='lat' dir='ltr'><strong>commeatus</strong></span> <span class='ocrx_word' id='word_1_91' title='bbox 708 1517 842 1601; x_wconf 87' lang='lat' dir='ltr'><strong>proprio</strong></span> <span class='ocrx_word' id='word_1_92' title='bbox 865 1517 975 1582; x_wconf 88' lang='lat' dir='ltr'><strong>tritico</strong></span> <span class='ocrx_word' id='word_1_93' title='bbox 999 1517 1119 1581; x_wconf 89' lang='lat' dir='ltr'><strong>abusos</strong></span> 
     </span>
     <span class='ocr_line' id='line_1_16' title="bbox 103 1604 1171 1690; baseline 0.001 -17"><span class='ocrx_word' id='word_1_94' title='bbox 103 1604 199 1674; x_wconf 85' lang='lat' dir='ltr'><strong>initio</strong></span> <span class='ocrx_word' id='word_1_95' title='bbox 213 1605 349 1670; x_wconf 87' lang='lat' dir='ltr'><strong>aestatis</strong></span> <span class='ocrx_word' id='word_1_96' title='bbox 365 1604 540 1690; x_wconf 77' lang='lat' dir='ltr'><strong>adgressus</strong></span> <span class='ocrx_word' id='word_1_97' title='bbox 553 1605 664 1690; x_wconf 90' lang='lat' dir='ltr'><strong>inopie</strong></span> <span class='ocrx_word' id='word_1_98' title='bbox 684 1605 843 1690; x_wconf 91' lang='lat' dir='ltr'><strong>compulit</strong></span> <span class='ocrx_word' id='word_1_99' title='bbox 857 1606 896 1670; x_wconf 88' lang='lat' dir='ltr'><strong>ad</strong></span> <span class='ocrx_word' id='word_1_100' title='bbox 912 1605 1117 1671; x_wconf 90' lang='lat' dir='ltr'><strong>deditionem.</strong></span> <span class='ocrx_word' id='word_1_101' title='bbox 1139 1623 1171 1674; x_wconf 79' lang='lat'><strong>15</strong></span> 
     </span>
    </p>
   </div>
   <div class='ocr_carea' id='block_1_3' title="bbox 148 1848 1076 1994">
    <p class='ocr_par' dir='ltr' id='par_1_6' title="bbox 148 1848 1076 1994">
     <span class='ocr_line' id='line_1_17' title="bbox 148 1848 1076 1919; baseline -0.004 -12"><span class='ocrx_word' id='word_1_102' title='bbox 148 1850 182 1906; x_wconf 87' lang='lat' dir='ltr'><strong>V.</strong></span> <span class='ocrx_word' id='word_1_103' title='bbox 211 1848 504 1917; x_wconf 82' lang='lat' dir='ltr'><strong>QUEMADMODUM</strong></span> <span class='ocrx_word' id='word_1_104' title='bbox 522 1849 828 1919; x_wconf 69' lang='lat' dir='ltr'><strong>praeclusuros,</strong></span> <span class='ocrx_word' id='word_1_105' title='bbox 848 1848 1076 1906; x_wconf 81' lang='lat' dir='ltr'>OBSIDIONEM</span> 
     </span>
     <span class='ocr_line' id='line_1_18' title="bbox 466 1936 754 1994; baseline 0.01 -3"><span class='ocrx_word' id='word_1_106' title='bbox 466 1936 754 1994; x_wconf 81' lang='lat' dir='ltr'><strong>PERMANSURAM.</strong></span> 
     </span>
    </p>
   </div>
   <div class='ocr_carea' id='block_1_4' title="bbox 103 2079 1269 2947">
    <p class='ocr_par' dir='ltr' id='par_1_7' title="bbox 103 2079 1269 2947">
     <span class='ocr_line' id='line_1_19' title="bbox 173 2079 1192 2198; baseline 0.002 -51"><span class='ocrx_word' id='word_1_107' title='bbox 173 2082 202 2146; x_wconf 89' lang='lat'><strong>1.</strong></span> <span class='ocrx_word' id='word_1_108' title='bbox 235 2079 410 2147; x_wconf 77' lang='lat' dir='ltr'><strong>Clearchus</strong></span> <span class='ocrx_word' id='word_1_109' title='bbox 441 2080 728 2166; x_wconf 87' lang='lat' dir='ltr'><strong>Lacedaemonius,</strong></span> <span class='ocrx_word' id='word_1_110' title='bbox 761 2082 965 2166; x_wconf 84' lang='lat' dir='ltr'><strong>exploratum</strong></span> <span class='ocrx_word' id='word_1_111' title='bbox 995 2081 1119 2149; x_wconf 88' lang='lat' dir='ltr'><strong>habens</strong></span> <span class='ocrx_word' id='word_1_112' title='bbox 1186 2103 1192 2198; x_wconf 64' lang='lat' dir='ltr'><strong>p</strong></span> 
     </span>
     <span class='ocr_line' id='line_1_20' title="bbox 104 2170 1197 2255; baseline 0 -18"><span class='ocrx_word' id='word_1_113' title='bbox 104 2171 249 2237; x_wconf 83' lang='lat' dir='ltr'><strong>Thracas</strong></span> <span class='ocrx_word' id='word_1_114' title='bbox 264 2170 374 2235; x_wconf 87' lang='lat' dir='ltr'><strong>omnia</strong></span> <span class='ocrx_word' id='word_1_115' title='bbox 387 2170 490 2236; x_wconf 91' lang='lat' dir='ltr'><strong>uictui</strong></span> <span class='ocrx_word' id='word_1_116' title='bbox 503 2170 686 2236; x_wconf 87' lang='lat' dir='ltr'><strong>necessaria</strong></span> <span class='ocrx_word' id='word_1_117' title='bbox 698 2171 733 2235; x_wconf 94' lang='lat' dir='ltr'><strong>in</strong></span> <span class='ocrx_word' id='word_1_118' title='bbox 751 2173 879 2236; x_wconf 86' lang='lat' dir='ltr'><strong>montes</strong></span> <span class='ocrx_word' id='word_1_119' title='bbox 899 2174 1120 2255; x_wconf 85' lang='lat' dir='ltr'><strong>comportasse</strong></span> <span class='ocrx_word' id='word_1_120' title='bbox 1193 2183 1197 2245; x_wconf 77' lang='grc' dir='ltr'>Ι</span> 
     </span>
     <span class='ocr_line' id='line_1_21' title="bbox 103 2252 1196 2344; baseline 0.003 -19"><span class='ocrx_word' id='word_1_121' title='bbox 103 2280 231 2344; x_wconf 87' lang='lat' dir='ltr'><strong>unaque</strong></span> <span class='ocrx_word' id='word_1_122' title='bbox 251 2280 308 2342; x_wconf 91' lang='lat' dir='ltr'><strong>spe</strong></span> <span class='ocrx_word' id='word_1_123' title='bbox 328 2259 512 2342; x_wconf 88' lang='lat' dir='ltr'><strong>sustentari,</strong></span> <span class='ocrx_word' id='word_1_124' title='bbox 535 2259 621 2344; x_wconf 89' lang='lat' dir='ltr'><strong>quod</strong></span> <span class='ocrx_word' id='word_1_125' title='bbox 640 2258 806 2324; x_wconf 89' lang='lat' dir='ltr'><strong>crederent</strong></span> <span class='ocrx_word' id='word_1_126' title='bbox 825 2280 898 2324; x_wconf 89' lang='lat' dir='ltr'><strong>eum</strong></span> <span class='ocrx_word' id='word_1_127' title='bbox 921 2263 1120 2326; x_wconf 88' lang='lat' dir='ltr'><strong>commeatus</strong></span> <span class='ocrx_word' id='word_1_128' title='bbox 1139 2279 1173 2328; x_wconf 86' lang='grc' dir='ltr'><strong>2ο</strong></span> <span class='ocrx_word' id='word_1_129' title='bbox 1193 2252 1196 2292; x_wconf 50' lang='lat'><strong>&#39;¹</strong></span> 
     </span>
     <span class='ocr_line' id='line_1_22' title="bbox 104 2346 1121 2432; baseline 0.002 -20"><span class='ocrx_word' id='word_1_130' title='bbox 104 2346 218 2432; x_wconf 90' lang='lat' dir='ltr'><strong>inopia</strong></span> <span class='ocrx_word' id='word_1_131' title='bbox 240 2368 451 2432; x_wconf 86' lang='lat' dir='ltr'><strong>recessurum,</strong></span> <span class='ocrx_word' id='word_1_132' title='bbox 472 2368 530 2431; x_wconf 90' lang='lat' dir='ltr'><strong>per</strong></span> <span class='ocrx_word' id='word_1_133' title='bbox 552 2347 586 2412; x_wconf 93' lang='lat' dir='ltr'><strong>id</strong></span> <span class='ocrx_word' id='word_1_134' title='bbox 608 2351 747 2432; x_wconf 76' lang='lat' dir='ltr'><strong>tempus,</strong></span> <span class='ocrx_word' id='word_1_135' title='bbox 770 2369 833 2431; x_wconf 89' lang='lat' dir='ltr'><strong>quo</strong></span> <span class='ocrx_word' id='word_1_136' title='bbox 857 2347 985 2432; x_wconf 85' lang='lat' dir='ltr'><strong>legatos</strong></span> <span class='ocrx_word' id='word_1_137' title='bbox 1009 2369 1121 2414; x_wconf 89' lang='lat' dir='ltr'><strong>eorum</strong></span> 
     </span>
     <span class='ocr_line' id='line_1_23' title="bbox 103 2417 1269 2522; baseline -0.001 -20"><span class='ocrx_word' id='word_1_138' title='bbox 103 2439 261 2505; x_wconf 89' lang='lat' dir='ltr'><strong>uenturos</strong></span> <span class='ocrx_word' id='word_1_139' title='bbox 281 2435 484 2520; x_wconf 87' lang='lat' dir='ltr'><strong>opinabatur,</strong></span> <span class='ocrx_word' id='word_1_140' title='bbox 508 2435 648 2521; x_wconf 87' lang='lat' dir='ltr'><strong>aliquem</strong></span> <span class='ocrx_word' id='word_1_141' title='bbox 667 2458 707 2501; x_wconf 87' lang='lat' dir='ltr'><strong>ex</strong></span> <span class='ocrx_word' id='word_1_142' title='bbox 726 2421 866 2520; x_wconf 78' lang='lat' dir='ltr'><strong>captiuis</strong></span> <span class='ocrx_word' id='word_1_143' title='bbox 889 2436 923 2500; x_wconf 90' lang='lat' dir='ltr'><strong>in</strong></span> <span class='ocrx_word' id='word_1_144' title='bbox 946 2440 1120 2522; x_wconf 88' lang='lat' dir='ltr'><strong>conspectu</strong></span> <span class='ocrx_word' id='word_1_145' title='bbox 1201 2451 1205 2483; x_wconf 64' lang='lat'>³</span> <span class='ocrx_word' id='word_1_146' title='bbox 1242 2417 1269 2488; x_wconf 74' lang='lat'><strong>&#39;&gt;</strong></span> 
     </span>
     <span class='ocr_line' id='line_1_24' title="bbox 103 2524 1120 2612; baseline 0.001 -22"><span class='ocrx_word' id='word_1_147' title='bbox 103 2525 201 2590; x_wconf 83' lang='lat' dir='ltr'><strong>iussit</strong></span> <span class='ocrx_word' id='word_1_148' title='bbox 228 2524 332 2590; x_wconf 87' lang='lat' dir='ltr'><strong>occidi</strong></span> <span class='ocrx_word' id='word_1_149' title='bbox 360 2527 393 2589; x_wconf 90' lang='lat' dir='ltr'><strong>et</strong></span> <span class='ocrx_word' id='word_1_150' title='bbox 419 2524 626 2590; x_wconf 89' lang='lat' dir='ltr'><strong>membratim</strong></span> <span class='ocrx_word' id='word_1_151' title='bbox 653 2529 822 2612; x_wconf 90' lang='lat' dir='ltr'><strong>tamquam</strong></span> <span class='ocrx_word' id='word_1_152' title='bbox 853 2524 1000 2591; x_wconf 88' lang='lat' dir='ltr'><strong>alimenti</strong></span> <span class='ocrx_word' id='word_1_153' title='bbox 1023 2547 1120 2591; x_wconf 88' lang='lat' dir='ltr'><strong>causa</strong></span> 
     </span>
     <span class='ocr_line' id='line_1_25' title="bbox 104 2612 1119 2680; baseline 0.001 -2"><span class='ocrx_word' id='word_1_154' title='bbox 104 2615 139 2678; x_wconf 91' lang='lat' dir='ltr'><strong>in</strong></span> <span class='ocrx_word' id='word_1_155' title='bbox 163 2612 373 2679; x_wconf 87' lang='lat' dir='ltr'><strong>contubernia</strong></span> <span class='ocrx_word' id='word_1_156' title='bbox 397 2613 563 2679; x_wconf 85' lang='lat' dir='ltr'><strong>distribui:</strong></span> <span class='ocrx_word' id='word_1_157' title='bbox 592 2612 735 2680; x_wconf 79' lang='lat' dir='ltr'><strong>Thraces</strong></span> <span class='ocrx_word' id='word_1_158' title='bbox 763 2613 846 2680; x_wconf 91' lang='lat' dir='ltr'><strong>nihil</strong></span> <span class='ocrx_word' id='word_1_159' title='bbox 869 2635 937 2680; x_wconf 91' lang='lat' dir='ltr'><strong>non</strong></span> <span class='ocrx_word' id='word_1_160' title='bbox 958 2614 1119 2680; x_wconf 90' lang='lat' dir='ltr'><strong>facturum</strong></span> 
     </span>
     <span class='ocr_line' id='line_1_26' title="bbox 103 2703 1173 2789; baseline 0.004 -22"><span class='ocrx_word' id='word_1_161' title='bbox 103 2703 365 2787; x_wconf 86' lang='lat' dir='ltr'><strong>perseuerantiae</strong></span> <span class='ocrx_word' id='word_1_162' title='bbox 389 2724 487 2769; x_wconf 85' lang='lat' dir='ltr'><strong>cause</strong></span> <span class='ocrx_word' id='word_1_163' title='bbox 510 2725 583 2768; x_wconf 90' lang='lat' dir='ltr'><strong>eum</strong></span> <span class='ocrx_word' id='word_1_164' title='bbox 606 2703 788 2787; x_wconf 88' lang='lat' dir='ltr'><strong>eredentes,</strong></span> <span class='ocrx_word' id='word_1_165' title='bbox 810 2703 866 2789; x_wconf 89' lang='lat' dir='ltr'><strong>qui</strong></span> <span class='ocrx_word' id='word_1_166' title='bbox 888 2707 957 2770; x_wconf 90' lang='lat' dir='ltr'><strong>tam</strong></span> <span class='ocrx_word' id='word_1_167' title='bbox 980 2705 1120 2770; x_wconf 87' lang='lat' dir='ltr'><strong>detesta-</strong></span> <span class='ocrx_word' id='word_1_168' title='bbox 1139 2721 1173 2771; x_wconf 81' lang='lat'><strong>25</strong></span> 
     </span>
     <span class='ocr_line' id='line_1_27' title="bbox 103 2791 1211 2878; baseline 0 -20"><span class='ocrx_word' id='word_1_169' title='bbox 103 2791 187 2858; x_wconf 91' lang='lat' dir='ltr'><strong>biles</strong></span> <span class='ocrx_word' id='word_1_170' title='bbox 218 2793 329 2877; x_wconf 87' lang='lat' dir='ltr'><strong>epulas</strong></span> <span class='ocrx_word' id='word_1_171' title='bbox 361 2791 570 2857; x_wconf 87' lang='lat' dir='ltr'><strong>sustinuisset</strong></span> <span class='ocrx_word' id='word_1_172' title='bbox 600 2793 754 2878; x_wconf 82' lang='lat' dir='ltr'><strong>experiri,</strong></span> <span class='ocrx_word' id='word_1_173' title='bbox 781 2793 815 2858; x_wconf 91' lang='lat' dir='ltr'><strong>in</strong></span> <span class='ocrx_word' id='word_1_174' title='bbox 843 2793 1039 2860; x_wconf 88' lang='lat' dir='ltr'><strong>deditionem</strong></span> <span class='ocrx_word' id='word_1_175' title='bbox 1069 2815 1121 2859; x_wconf 90' lang='lat' dir='ltr'><strong>ue·</strong></span> <span class='ocrx_word' id='word_1_176' title='bbox 1195 2834 1211 2868; x_wconf 62' lang='lat' dir='ltr'><strong>r</strong></span> 
     </span>
     <span class='ocr_line' id='line_1_28' title="bbox 103 2884 231 2947; baseline 0 0"><span class='ocrx_word' id='word_1_177' title='bbox 103 2884 231 2947; x_wconf 83' lang='lat' dir='ltr'><strong>nerunt.</strong></span> 
     </span>
    </p>
   </div>
   <div class='ocr_carea' id='block_1_5' title="bbox 103 3071 1121 3627">
    <p class='ocr_par' dir='ltr' id='par_1_8' title="bbox 103 3071 1121 3358">
     <span class='ocr_line' id='line_1_29' title="bbox 176 3071 1121 3144; baseline -0.001 -15"><span class='ocrx_word' id='word_1_178' title='bbox 176 3073 361 3144; x_wconf 72' lang='lat' dir='ltr'><strong>eereuplam</strong></span> <span class='ocrx_word' id='word_1_179' title='bbox 379 3072 513 3128; x_wconf 64' lang='lat' dir='ltr'><strong>almeon:</strong></span> <span class='ocrx_word' id='word_1_180' title='bbox 531 3073 566 3141; x_wconf 82' lang='lat' dir='ltr'><strong>cf.</strong></span> <span class='ocrx_word' id='word_1_181' title='bbox 583 3073 673 3141; x_wconf 80' lang='lat' dir='ltr'><strong>praef.</strong></span> <span class='ocrx_word' id='word_1_182' title='bbox 691 3072 749 3144; x_wconf 72' lang='lat'><strong>§9</strong></span> <span class='ocrx_word' id='word_1_183' title='bbox 779 3075 784 3140; x_wconf 87' lang='grc' dir='ltr'>Ι</span> <span class='ocrx_word' id='word_1_184' title='bbox 813 3071 952 3128; x_wconf 88' lang='lat' dir='ltr'><strong>inmereos</strong></span> <span class='ocrx_word' id='word_1_185' title='bbox 971 3072 1028 3143; x_wconf 79' lang='grc' dir='ltr'><strong>ΗΙ</strong></span> <span class='ocrx_word' id='word_1_186' title='bbox 1051 3072 1121 3128; x_wconf 82' lang='grc'>6111</span> 
     </span>
     <span class='ocr_line' id='line_1_30' title="bbox 103 3142 1120 3216; baseline -0.001 -17"><span class='ocrx_word' id='word_1_187' title='bbox 103 3144 182 3216; x_wconf 69' lang='lat'><strong>1217</strong></span> <span class='ocrx_word' id='word_1_188' title='bbox 203 3145 416 3199; x_wconf 84' lang='lat' dir='ltr'><strong>adsumerentur</strong></span> <span class='ocrx_word' id='word_1_189' title='bbox 433 3142 469 3198; x_wconf 87' lang='lat' dir='ltr'><strong><em>H</em></strong></span> <span class='ocrx_word' id='word_1_190' title='bbox 489 3143 495 3213; x_wconf 89' lang='grc' dir='ltr'>Ι</span> <span class='ocrx_word' id='word_1_191' title='bbox 521 3150 541 3214; x_wconf 54' lang='grc'><strong>,9</strong></span> <span class='ocrx_word' id='word_1_192' title='bbox 560 3142 734 3214; x_wconf 82' lang='lat' dir='ltr'><strong>agrigentina</strong></span> <span class='ocrx_word' id='word_1_193' title='bbox 754 3143 823 3212; x_wconf 72' lang='lat' dir='ltr'><strong>H¹l</strong></span> <span class='ocrx_word' id='word_1_194' title='bbox 853 3149 886 3198; x_wconf 90' lang='grc'><strong>11</strong></span> <span class='ocrx_word' id='word_1_195' title='bbox 907 3142 1050 3198; x_wconf 89' lang='lat' dir='ltr'><strong>sedicebat</strong></span> <span class='ocrx_word' id='word_1_196' title='bbox 1067 3145 1120 3210; x_wconf 90' lang='lat' dir='ltr'><strong>(se-</strong></span> 
     </span>
     <span class='ocr_line' id='line_1_31' title="bbox 104 3213 1121 3286; baseline -0.002 -16"><span class='ocrx_word' id='word_1_197' title='bbox 104 3215 167 3271; x_wconf 90' lang='lat' dir='ltr'><strong>dice</strong></span> <span class='ocrx_word' id='word_1_198' title='bbox 185 3217 217 3271; x_wconf 79' lang='lat' dir='ltr'><strong>iu</strong></span> <span class='ocrx_word' id='word_1_199' title='bbox 234 3231 290 3271; x_wconf 82' lang='lat' dir='ltr'><strong>rae.</strong></span> <span class='ocrx_word' id='word_1_200' title='bbox 309 3214 405 3286; x_wconf 61' lang='lat' dir='ltr'><strong>unt</strong></span> <span class='ocrx_word' id='word_1_201' title='bbox 422 3220 455 3269; x_wconf 90' lang='grc'><strong>12</strong></span> <span class='ocrx_word' id='word_1_202' title='bbox 474 3230 603 3271; x_wconf 85' lang='lat' dir='ltr'><strong>camarae</strong></span> <span class='ocrx_word' id='word_1_203' title='bbox 623 3215 674 3284; x_wconf 86' lang='grc' dir='ltr'><strong>ΡΙ</strong></span> <span class='ocrx_word' id='word_1_204' title='bbox 705 3220 739 3268; x_wconf 86' lang='grc'><strong>14</strong></span> <span class='ocrx_word' id='word_1_205' title='bbox 757 3230 806 3270; x_wconf 88' lang='lat' dir='ltr'><strong>eos</strong></span> <span class='ocrx_word' id='word_1_206' title='bbox 823 3230 874 3269; x_wconf 81' lang='lat' dir='ltr'><strong>uos</strong></span> <span class='ocrx_word' id='word_1_207' title='bbox 891 3213 921 3268; x_wconf 94' lang='lat' dir='ltr'><strong>id</strong></span> <span class='ocrx_word' id='word_1_208' title='bbox 939 3214 974 3267; x_wconf 91' lang='lat' dir='ltr'><em>H</em></span> <span class='ocrx_word' id='word_1_209' title='bbox 988 3216 1020 3268; x_wconf 86' lang='lat' dir='ltr'><strong>ut</strong></span> <span class='ocrx_word' id='word_1_210' title='bbox 1038 3214 1067 3269; x_wconf 93' lang='lat' dir='ltr'><strong><em>P</em></strong></span> <span class='ocrx_word' id='word_1_211' title='bbox 1087 3230 1121 3268; x_wconf 89' lang='lat' dir='ltr'><strong>ex</strong></span> 
     </span>
     <span class='ocr_line' id='line_1_32' title="bbox 108 3283 1121 3358; baseline 0 -15"><span class='ocrx_word' id='word_1_212' title='bbox 108 3286 193 3343; x_wconf 67' lang='grc'>01111</span> <span class='ocrx_word' id='word_1_213' title='bbox 211 3287 367 3342; x_wconf 66' lang='grc'>11111111.</span> <span class='ocrx_word' id='word_1_214' title='bbox 383 3286 388 3354; x_wconf 91' lang='grc' dir='ltr'>Ι</span> <span class='ocrx_word' id='word_1_215' title='bbox 405 3288 508 3341; x_wconf 82' lang='lat' dir='ltr'><strong>ebusus</strong></span> <span class='ocrx_word' id='word_1_216' title='bbox 519 3285 554 3341; x_wconf 87' lang='grc' dir='ltr'><em>Η</em></span> <span class='ocrx_word' id='word_1_217' title='bbox 556 3285 593 3356; x_wconf 93' lang='lat' dir='ltr'><strong>P,</strong></span> <span class='ocrx_word' id='word_1_218' title='bbox 611 3287 711 3344; x_wconf 70' lang='lat' dir='ltr'><strong>coraci</strong></span> <span class='ocrx_word' id='word_1_219' title='bbox 726 3286 730 3358; x_wconf 79' lang='grc'><strong>1</strong></span> <span class='ocrx_word' id='word_1_220' title='bbox 753 3290 786 3340; x_wconf 82' lang='lat'><strong>15</strong></span> <span class='ocrx_word' id='word_1_221' title='bbox 800 3283 921 3341; x_wconf 89' lang='lat' dir='ltr'><strong>contulit</strong></span> <span class='ocrx_word' id='word_1_222' title='bbox 929 3285 965 3340; x_wconf 90' lang='lat' dir='ltr'><strong><em>H</em></strong></span> <span class='ocrx_word' id='word_1_223' title='bbox 968 3285 1003 3350; x_wconf 89' lang='lat' dir='ltr'><strong>P,</strong></span> <span class='ocrx_word' id='word_1_224' title='bbox 1018 3301 1087 3341; x_wconf 82' lang='lat' dir='ltr'><strong>corr.</strong></span> <span class='ocrx_word' id='word_1_225' title='bbox 1101 3288 1121 3343; x_wconf 80' lang='lat' dir='ltr'><strong>d</strong></span> 
     </span>
    </p>

    <p class='ocr_par' dir='ltr' id='par_1_9' title="bbox 103 3355 1120 3627">
     <span class='ocr_line' id='line_1_33' title="bbox 178 3355 1120 3428; baseline -0.002 -15"><span class='ocrx_word' id='word_1_226' title='bbox 178 3363 211 3413; x_wconf 84' lang='grc'><strong>16</strong></span> <span class='ocrx_word' id='word_1_227' title='bbox 229 3356 414 3428; x_wconf 83' lang='lat' dir='ltr'><strong>persuadetur</strong></span> <span class='ocrx_word' id='word_1_228' title='bbox 426 3357 473 3428; x_wconf 90' lang='grc' dir='ltr'><strong>ΡΙ</strong></span> <span class='ocrx_word' id='word_1_229' title='bbox 489 3363 523 3412; x_wconf 88' lang='grc'><strong>20</strong></span> <span class='ocrx_word' id='word_1_230' title='bbox 541 3373 598 3412; x_wconf 89' lang='lat' dir='ltr'><strong>nna</strong></span> <span class='ocrx_word' id='word_1_231' title='bbox 617 3373 727 3427; x_wconf 87' lang='lat' dir='ltr'><strong>quoque</strong></span> <span class='ocrx_word' id='word_1_232' title='bbox 737 3356 773 3412; x_wconf 87' lang='lat' dir='ltr'><strong><em>H</em></strong></span> <span class='ocrx_word' id='word_1_233' title='bbox 775 3357 812 3426; x_wconf 92' lang='lat' dir='ltr'><strong>P,</strong></span> <span class='ocrx_word' id='word_1_234' title='bbox 830 3373 878 3414; x_wconf 86' lang='lat' dir='ltr'><strong>em.</strong></span> <span class='ocrx_word' id='word_1_235' title='bbox 891 3355 963 3413; x_wconf 70' lang='lat' dir='ltr'><strong>GF.</strong></span> <span class='ocrx_word' id='word_1_236' title='bbox 974 3355 1014 3411; x_wconf 80' lang='lat' dir='ltr'><strong><em>W</em></strong></span> <span class='ocrx_word' id='word_1_237' title='bbox 1028 3358 1120 3412; x_wconf 83' lang='lat' dir='ltr'><strong>Muel-</strong></span> 
     </span>
     <span class='ocr_line' id='line_1_34' title="bbox 105 3427 1120 3500; baseline -0.001 -16"><span class='ocrx_word' id='word_1_238' title='bbox 105 3430 144 3484; x_wconf 85' lang='lat' dir='ltr'><strong>ler</strong></span> <span class='ocrx_word' id='word_1_239' title='bbox 161 3429 308 3484; x_wconf 65' lang='lat' dir='ltr'><strong>iuJaasrt.</strong></span> <span class='ocrx_word' id='word_1_240' title='bbox 326 3429 348 3496; x_wconf 77' lang='lat' dir='ltr'><strong>f.</strong></span> <span class='ocrx_word' id='word_1_241' title='bbox 367 3428 520 3500; x_wconf 74' lang='lat' dir='ltr'><strong>Ptalolope&#39;e</strong></span> <span class='ocrx_word' id='word_1_242' title='bbox 537 3432 638 3498; x_wconf 85' lang='lat'><em>(1866)</em></span> <span class='ocrx_word' id='word_1_243' title='bbox 658 3433 703 3498; x_wconf 87' lang='lat'><strong>93,</strong></span> <span class='ocrx_word' id='word_1_244' title='bbox 722 3432 779 3484; x_wconf 79' lang='grc'><strong>488</strong></span> <span class='ocrx_word' id='word_1_245' title='bbox 795 3431 800 3498; x_wconf 92' lang='grc' dir='ltr'>Ι</span> <span class='ocrx_word' id='word_1_246' title='bbox 816 3445 865 3499; x_wconf 91' lang='lat' dir='ltr'><strong>spe</strong></span> <span class='ocrx_word' id='word_1_247' title='bbox 883 3429 936 3484; x_wconf 86' lang='lat' dir='ltr'><strong>do</strong></span> <span class='ocrx_word' id='word_1_248' title='bbox 958 3427 1070 3498; x_wconf 73' lang='lat' dir='ltr'><strong>eHPt</strong></span> <span class='ocrx_word' id='word_1_249' title='bbox 1087 3435 1120 3484; x_wconf 87' lang='grc'><strong>21</strong></span> 
     </span>
     <span class='ocr_line' id='line_1_35' title="bbox 103 3445 1118 3625; baseline 0.001 -72"><span class='ocrx_word' id='word_1_250' title='bbox 103 3499 181 3624; x_wconf 68' lang='lat' dir='ltr'><strong>paud</strong></span> <span class='ocrx_word' id='word_1_251' title='bbox 194 3499 272 3625; x_wconf 54' lang='grc' dir='ltr'><strong>Ηὲι</strong></span> <span class='ocrx_word' id='word_1_252' title='bbox 306 3505 340 3554; x_wconf 85' lang='grc'><strong>23</strong></span> <span class='ocrx_word' id='word_1_253' title='bbox 360 3499 495 3557; x_wconf 85' lang='lat' dir='ltr'><strong>elimenta</strong></span> <span class='ocrx_word' id='word_1_254' title='bbox 513 3499 559 3555; x_wconf 77' lang='grc' dir='ltr'><strong>Ηι</strong></span> <span class='ocrx_word' id='word_1_255' title='bbox 583 3500 588 3573; x_wconf 79' lang='grc' dir='ltr'>Ι</span> <span class='ocrx_word' id='word_1_256' title='bbox 618 3506 653 3556; x_wconf 86' lang='grc'><strong>24</strong></span> <span class='ocrx_word' id='word_1_257' title='bbox 670 3499 802 3556; x_wconf 85' lang='lat' dir='ltr'><strong>distribui</strong></span> <span class='ocrx_word' id='word_1_258' title='bbox 820 3501 839 3554; x_wconf 80' lang='lat' dir='ltr'><strong>d</strong></span> <span class='ocrx_word' id='word_1_259' title='bbox 862 3445 1006 3556; x_wconf 78' lang='lat' dir='ltr'><strong>distribuit</strong></span> <span class='ocrx_word' id='word_1_260' title='bbox 1029 3500 1064 3554; x_wconf 90' lang='grc' dir='ltr'><strong><em>Η</em></strong></span> <span class='ocrx_word' id='word_1_261' title='bbox 1067 3499 1096 3554; x_wconf 92' lang='grc' dir='ltr'><strong><em>Ρ</em></strong></span> <span class='ocrx_word' id='word_1_262' title='bbox 1114 3500 1118 3572; x_wconf 90' lang='grc' dir='ltr'>Ι</span> 
     </span>
     <span class='ocr_line' id='line_1_36' title="bbox 118 3587 198 3627; baseline 0.013 -3"><span class='ocrx_word' id='word_1_263' title='bbox 118 3587 198 3627; x_wconf 80' lang='lat' dir='ltr'><strong>taces</strong></span> 
     </span>
    </p>
   </div>
   <div class='ocr_carea' id='block_1_6' title="bbox 0 0 1327 4046">
    <p class='ocr_par' dir='ltr' id='par_1_10' title="bbox 0 0 1327 4046">
     <span class='ocr_line' id='line_1_37' title="bbox 0 0 1327 4046; baseline 0 0"><span class='ocrx_word' id='word_1_264' title='bbox 0 0 1327 4046; x_wconf 95' lang='lat' dir='ltr'><strong> </strong></span> 
     </span>
    </p>
   </div>
  </div>
 </body>
</html>
