2616 4048
482 219 592 276 LIBER
609 220 631 276 1.
658 219 736 277 onP.
756 228 780 277 8,
1099 219 1140 284 27

124 384 451 470 Carthaginiensibus
474 382 618 450 habebat
641 383 872 468 consiliumque
896 384 965 448 eius
987 383 1141 449 aduersum

123 476 293 540 Romanos
311 473 502 557 instruebat,
521 473 642 538 crebris
662 493 735 538 cum
754 471 941 538 Hannibale
961 473 1141 557 conloquiis

123 565 314 644 effecerunt,
336 565 374 626 ut
395 561 424 626 is
447 561 517 646 regi
541 562 632 626 fieret
652 566 835 646 suspectus,
857 562 909 627 cui
933 561 1141 648 gratissimus

124 652 274 804 alioquiln
296 655 329 716 et
351 651 441 717 utilis
460 654 531 715 erat
552 653 686 736 propter
703 650 916 716 calliditatem
936 655 970 716 et
987 651 1140 734 peritiam

125 741 234 806 bellan
256 741 276 805 i.
1160 754 1176 804 5

192 830 222 895 8.
250 827 287 904 Q.
305 827 457 894 Metellus
481 826 635 892 aduersus
659 826 853 912 Iugurtham
876 828 1000 893 bellum
1023 848 1140 913 gerens

123 919 244 984 missos
267 917 309 983 ad
332 939 367 984 se
389 917 518 1002 legatos
542 917 610 981 eius
634 916 788 1001 corrupit,
817 920 854 981 ut
882 917 945 981 sibi
968 917 1141 1000 proderent

122 1028 250 1093 regem3
274 1028 347 1072 cum
371 1009 405 1070 et
428 1005 485 1070 alii
504 1005 684 1088 uenissent,
708 1005 793 1069 idem
817 1004 907 1087 fecit3
931 1005 1045 1070 eodem
1069 1026 1142 1070 con·

122 1097 201 1162 silio
223 1116 301 1160 usus
325 1097 375 1160 est
397 1097 431 1157 et
454 1093 610 1158 aduersus
632 1093 758 1157 tertios.
805 1093 924 1158 sedda
947 1093 1141 1178 captiuitate

122 1182 303 1268 Iugurthae
325 1203 377 1246 res
401 1203 516 1265 parum
539 1181 707 1265 processit:
735 1181 849 1245 uiuum
871 1181 956 1246 enim
974 1180 1061 1246 tradi
1079 1182 1141 1246 sibi
1161 1196 1194 1246 10

122 1271 265 1337 uolebat.
310 1269 487 1354 plurimum
514 1275 625 1333 tamen
653 1271 843 1334 consecutus
871 1274 935 1334 est:
962 1289 1039 1334 nam
1068 1291 1140 1334 cum

122 1361 325 1442 interceptae
356 1356 497 1422 fuissent
529 1357 688 1442 epistulae
717 1358 784 1422 eius
813 1357 854 1422 ad
881 1358 988 1443 regios
1017 1359 1140 1423 amicos

123 1447 280 1532 scriptae,
307 1446 342 1510 in
372 1446 477 1512 omnis
502 1467 556 1512 eos
580 1467 637 1512 rex
660 1447 892 1512 animaduertit
915 1447 1140 1532 spoliatusque

123 1533 269 1602 consiliis
293 1535 414 1600 amicos
438 1540 553 1619 postea
575 1557 691 1619 parare
714 1558 780 1602 non
803 1535 918 1620 potuit.

191 1624 222 1690 9.
251 1622 286 1690 O.
310 1621 443 1708 Caesar,
475 1644 534 1710 per
560 1629 730 1708 exceptum
759 1623 920 1709 quendem
950 1628 1139 1711 aquatorum
1161 1639 1193 1688 15

120 1735 197 1780 cum
222 1713 435 1798 comperisset
456 1713 628 1778 Afranium
651 1713 878 1798 Petreiumque
906 1717 1014 1780 castre
1040 1717 1139 1779 noctu

121 1805 284 1886 moturos,
319 1806 358 1866 ut
390 1801 474 1867 citra
509 1802 718 1867 uexationem
756 1823 889 1867 suorum
924 1801 1060 1868 hostilia
1094 1802 1141 1866 in·

121 1891 249 1975 pediret
271 1889 420 1974 consilia,
448 1890 543 1956 initio
568 1892 680 1955 statim
702 1891 809 1956 noctis
833 1913 913 1956 uasa
936 1892 1139 1956 conclamare

121 1979 243 2045 milites
263 1981 297 2044 et
315 1983 444 2062 praeter
464 1979 722 2044 aduersariorum
742 1983 849 2046 castra
868 1979 922 2064 agi
942 1979 1047 2044 mulos
1067 2000 1140 2044 cum

121 2067 256 2133 fremitu
284 2071 318 2132 et
345 2089 424 2132 sono
452 2067 560 2132 iussit:
590 2067 779 2133 continuere
807 2089 855 2152 se,
884 2088 965 2151 quos
994 2071 1139 2133 retentos
1159 2082 1193 2131 20

121 2156 268 2238 uolebat,
292 2155 441 2220 arbitrati
464 2159 572 2220 castra
595 2152 767 2220 Gaesarem
789 2177 930 2221 mouere.

192 2244 243 2308 10.
276 2241 385 2325 Scipio
413 2242 588 2306 Africanus
620 2244 661 2306 ad
691 2244 881 2326 excipienda
912 2243 1034 2307 euxssia
1067 2264 1140 2308 cum

122 2329 359 2395 commeatibus
387 2329 567 2395 Hannibali
599 2330 788 2413 ueni<entia
813 2329 1012 2413 Min>ucium
1041 2330 1139 2396 Ther·

121 2440 214 2484 mum
237 2418 374 2500 dimisit,
392 2419 463 2502 ipse
486 2419 713 2483 subuenturus.

192 2507 242 2572 11.
271 2506 447 2592 Dionysius
472 2505 751 2591 Syracusanorum
773 2511 946 2592 tyrannus,
969 2529 1041 2572 cum
1065 2506 1140 2573 Afri
1158 2523 1192 2573 25

119 2595 251 2681 ingenti
282 2596 492 2661 multitudine
523 2594 691 2661 traiecturi
724 2603 833 2663 essent
860 2597 895 2661 in
924 2593 1069 2662 Siciliam
1098 2597 1139 2662 ad

121 2684 648 2858 ttttttdtttctdtt
665 2684 1139 2840 &llllltlttmttt

44 2883 48 2890 ·
121 2865 197 2926 rent
218 2862 407 2947 dimissique
430 2860 606 2947 Syracusas
630 2862 754 2930 occulte
776 2863 929 2928 redirent.
969 2862 1061 2928 Afris
1084 2884 1137 2928 ne·

195 3023 209 3071 1
230 3018 491 3088 carthaginensibus
502 3017 537 3074 H
549 3022 553 3088 Ι
576 3023 593 3072 3
607 3019 771 3075 efferuntH
782 3025 846 3075 ante
858 3035 928 3075 corr.
945 3018 950 3088 l
966 3024 983 3072 4
998 3017 1137 3090 alioquin]

121 3087 248 3159 alloquio
262 3089 297 3144 H
310 3093 314 3158 Ι
330 3095 347 3144 6
361 3087 406 3142 iur
418 3089 552 3160 gurtham
565 3089 601 3143 Η
613 3093 617 3158 Ι
635 3095 668 3144 10
682 3089 726 3145 iur
740 3090 860 3159 gurthae
874 3088 910 3142 H
922 3097 926 3146 1
943 3095 976 3142 12
991 3088 1138 3158 incoeptae

122 3160 158 3215 H
160 3161 167 3192 ¹
183 3163 188 3230 Ι
206 3166 239 3214 14
258 3159 425 3215 consiliariis
438 3161 457 3216 d
472 3163 476 3229 1
495 3165 528 3215 18
542 3162 672 3232 consilia]
688 3178 752 3216 curn
766 3159 884 3215 coneilio
898 3159 933 3213 H
945 3160 950 3229 Ι
967 3156 1138 3214 conclamari

121 3232 206 3287 deleto
224 3228 331 3285 milites
340 3230 378 3285 D.
392 3231 505 3286 Vossius
521 3231 525 3300 Ι
545 3236 580 3286 20
598 3249 697 3286 sonum
713 3231 742 3285 P
755 3233 761 3314 Ι
777 3231 940 3285 continuare
958 3229 1027 3298 tPl
1043 3246 1073 3284 se
1087 3247 1138 3285 om.

123 3302 152 3356 P
167 3305 170 3371 Ι
196 3317 282 3371 equos
299 3301 335 3356 H
359 3301 386 3355 ei
405 3317 475 3371 quos
494 3302 596 3357 Hartel
618 3305 623 3370 Ι
647 3307 681 3356 21
701 3300 833 3356 arbitrari
851 3300 896 3369 ΡΙ
922 3318 939 3356 a
957 3316 1068 3356 caesara
1087 3302 1116 3356 P
1133 3301 1136 3371 l

121 3377 158 3428 23
172 3370 326 3426 hannibale
340 3371 376 3426 H
378 3371 414 3440 P,
432 3389 481 3428 an.
494 3371 579 3428 Gran.
598 3371 759 3428 hannibalis
772 3373 792 3427 d
807 3373 812 3441 Ι
827 3370 970 3427 uenientia
983 3371 1139 3427 Minucium

123 3443 209 3499 Gran.
233 3441 386 3497 uentitium
400 3442 465 3497 HP
483 3442 629 3499 uenientia
647 3444 704 3511 (ael
717 3445 848 3511 uentura)
861 3441 898 3496 M.
916 3441 985 3497 Oad.
1003 3445 1007 3511 Ι
1024 3448 1058 3496 25
1071 3442 1140 3496 Dio-

121 3513 211 3568 nisius
229 3514 265 3568 H
268 3515 303 3580 P,
321 3515 384 3568 itam
402 3515 482 3580 infra
503 3517 507 3583 Ι
533 3521 566 3570 27
586 3511 761 3569 communnit
778 3513 823 3567 Η1
851 3511 1036 3568 communiuit
1052 3512 1084 3565 h:
1102 3513 1137 3578 cf.

118 3601 150 3656 p.
168 3588 276 3652 28518.
296 3589 341 3652 51,
356 3588 373 3638 1
389 3587 394 3654 Ι
414 3589 449 3640 28
469 3583 608 3640 dederunt
620 3586 652 3640 H
669 3590 733 3641 ante
751 3600 820 3640 corr.
841 3586 845 3652 Ι
871 3589 905 3639 29
925 3582 1088 3651 dimisitque
1107 3581 1171 3638 He
1182 3579 1304 3604 “⁴-
