2616 4048
807 18 817 64 l

189 197 231 262 10
391 195 466 252 IULI
484 195 662 254 FRONTINI
682 193 1004 251 STRATEGEMATON

187 361 313 446 iugum
322 360 364 424 ab
386 359 538 425 hostibus
560 362 678 425 natura
702 358 863 423 munitum
886 357 1003 437 teneri,
1032 357 1205 441 praemisit
1297 357 1298 388 ¹

188 449 422 532 sciscitaturos,
452 449 528 532 quid
555 449 603 512 rei
630 449 728 531 foret,
757 469 795 513 ac
822 446 1036 511 referentibus
1065 447 1112 510 eis
1133 467 1204 512 non

188 559 258 602 esse
280 559 403 616 uerum,
427 537 513 620 quod
537 537 685 620 opinaret
686 497 734 621 ui,
756 537 922 637 ingressus
946 535 1019 620 it,er
1042 534 1098 598 ubi
1120 534 1204 599 uidit

188 648 227 690 cx
251 626 435 728 suspecto
425 647 501 710 rugo
526 647 679 710 magnam
702 625 770 688 uim
793 623 904 689 auium
932 623 1029 687 simul
1056 623 1204 688 euolasse

153 731 180 780 5
175 735 290 798 neque
310 714 442 779 omuino
461 713 611 797 residere,
631 713 716 780 arbit
717 716 807 777 ratus
823 716 873 778 est
858 713 988 777 tlatere
1002 712 1071 777 illic
1086 733 1205 796 agmen

187 803 345 870 hostium:
360 802 469 886 itaque
484 765 703 867 circumducto
719 803 862 868 exercitu
876 800 973 866 elusit
986 799 1120 865 insidiet
1106 805 1204 866 tores.
1297 801 1298 820 ¹

256 891 284 955 9.
313 889 503 956 Hasdrubal
530 890 631 956 frater
657 889 854 955 Hannibalis
882 890 1029 955 iunctum
1056 888 1142 953 Liuii
1171 893 1205 954 et

188 978 329 1045 Neronis
348 981 539 1062 exercitum,
563 1001 759 1064 quamquam
782 979 845 1044 hoc
867 979 917 1043 illi
940 999 1007 1043 non
1030 977 1204 1062 duplicatis

189 1069 305 1133 castris
329 1069 586 1154 dissimularem,
614 1068 789 1152 intellexit,
817 1067 903 1151 quod
927 1067 1107 1132 abitinere
1131 1067 1205 1130 stri-
1297 1067 1298 1148 Τ

137 1173 169 1223 10
188 1158 334 1242 gosiores
357 1157 496 1222 notabat
514 1179 614 1242 equos
634 1161 667 1221 et
684 1156 880 1222 coloratiora
902 1155 1086 1238 homiuum,
1109 1159 1146 1219 ut
1165 1177 1205 1224 ux
1233 1239 1238 1246 ι

188 1247 256 1330 uia,
281 1267 426 1330 corpora.

349 1455 396 1509 III.
422 1453 471 1508 nn
491 1452 773 1509 CONSTITUENDO
793 1452 911 1508 STATU
929 1451 1043 1506 BHLLI.

257 1600 286 1664 1.
306 1598 491 1663 Alexander
500 1597 644 1683 Maced0,
653 1621 726 1664 cum
735 1593 872 1664 haberet
881 1597 1107 1662 uehementem
1117 1617 1205 1662 exer·

86 1731 90 1738 ·
189 1687 297 1771 citum,
312 1709 439 1770 semper
451 1709 525 1751 eum
534 1690 655 1752 statum
667 1688 746 1752 belli
756 1688 863 1773 clegit,
877 1690 915 1750 ut
927 1686 996 1752 acie
1005 1685 1206 1772 confligeret.

138 1792 170 1842 15
257 1777 287 1842 2.
311 1774 345 1840 O.
361 1773 482 1840 Caesar
504 1777 591 1841 bello
611 1777 700 1841 ciuili
723 1798 796 1841 cum
814 1780 1006 1840 ueteranum
1029 1776 1206 1840 exercitum
1297 1827 1298 1830 ,

188 1864 337 1947 haberet,
360 1863 504 1930 hostium
524 1867 633 1929 autem
652 1865 792 1930 tironem
811 1886 882 1929 esse
901 1864 1013 1948 sciret,
1036 1863 1206 1928 aciesem·
1297 1903 1298 1928 ι

190 1973 247 2036 per
270 1952 433 2018 decertare
457 1953 591 2018 studuit.

256 2043 287 2106 3.
314 2041 436 2107 Fabius
460 2040 623 2106 Maximus
648 2041 803 2106 aduersus
826 2040 1060 2123 Hannibalern,
1083 2061 1208 2104 succes·

190 2129 280 2194 sibus
304 2131 502 2212 proeliorum
524 2130 734 2213 insolentem,
757 2129 905 2195 recedere
925 2129 964 2194 ab
985 2128 1120 2211 ancipiti
1143 2127 1207 2192 dis·

137 2234 170 2282 20
190 2217 324 2284 crimine
347 2221 381 2282 et
403 2219 488 2284 tueri
511 2220 738 2285 tantummodo
757 2218 889 2284 Italiam
912 2217 1084 2283 constituit
1102 2214 1208 2280 (lunc-

190 2309 371 2392 tatorisque
394 2330 514 2373 nomeu
539 2312 571 2372 et
593 2330 651 2393 per
674 2308 735 2373 hcc
760 2307 878 2373 summi
901 2307 991 2370 ducis
1015 2306 1143 2370 meruit.

257 2398 287 2462 4.
319 2396 472 2481 Byzantii
504 2397 659 2462 aduersus
687 2396 875 2480 Philippum
903 2417 998 2460 omne
1024 2393 1208 2478 proeliandi

190 2484 364 2550 discrimen
387 2487 563 2568 euitantes,
586 2486 708 2550 omissa
726 2484 824 2548 etiam
839 2485 962 2569 ¹finium
980 2483 1097 2565 tutela,
1119 2482 1208 2547 intra

190 2573 388 2638 munitiones
412 2573 524 2656 oppidi
548 2595 582 2636 se
605 2575 796 2656 receperunt
819 2572 1024 2654 adsecutique
1054 2573 1143 2654 sunt,
1172 2573 1209 2636 ut

140 2676 173 2724 25
192 2660 363 2744 Philippus
387 2661 599 2725 obsidionalis
623 2681 734 2726 morae
757 2661 921 2743 inpatiens
944 2659 1118 2724 recederet.

258 2749 287 2814 5.
316 2748 503 2814 Hasdrubal
528 2746 682 2832 Gisgonis
706 2749 791 2812 filius
815 2749 954 2814 secundo
972 2748 1095 2812 Punico
1119 2747 1206 2812 bello

191 2837 226 2901 in
244 2836 407 2920 Hispania
428 2837 552 2900 uictum
576 2836 765 2921 exercitum,
788 2859 861 2902 cum
879 2837 915 2902 P.
931 2835 1039 2920 Scipio
1058 2836 1208 2920 instaret,

190 2948 250 3008 per
271 2927 367 2990 urbes
391 2925 514 2990 diuisit:
538 2925 584 2988 ita
606 2925 729 2990 factum
752 2928 816 3011 est,
838 2929 875 2990 ut
894 2923 1018 3008 Scipio,
1041 2945 1082 2988 ne
1107 2947 1208 3010 oppu-

192 3014 346 3100 gnatione
364 3014 507 3097 plurium
527 3014 718 3098 oppidorum
737 3014 995 3100 distringeretur,
1016 3013 1051 3076 in
1069 3013 1209 3078 hiberna

137 3118 173 3166 ‘30
193 3125 268 3168 suos
292 3102 467 3167 reduceret.

264 3278 343 3329 5eet
361 3291 411 3330 om.
430 3275 486 3342 ΗΙ
511 3275 642 3346 citaque
662 3277 701 3346 H,
719 3279 766 3333 sed
784 3278 856 3332 ita
845 3293 877 3330 an
893 3292 948 3331 ras.
968 3277 1007 3344 bl
1028 3273 1131 3330 clausit
1149 3275 1185 3329 H
1203 3277 1206 3348 Ι

193 3346 355 3400 'linuatum
373 3347 453 3402 Stew
480 3350 547 3402 tuuc
567 3348 632 3402 ΗΡ

265 3423 298 3470 16
317 3417 489 3472 tironcm-
510 3418 619 3473 studuit
636 3434 686 3473 om.
706 3418 775 3487 Hr,
801 3423 834 3472 18
853 3417 961 3472 marius
980 3417 1025 3471 H1
1048 3421 1053 3485 Ι
1078 3422 1112 3471 22
1133 3417 1210 3472 omui

191 3506 218 3557 p.
234 3487 393 3542 discrimine
408 3488 533 3544 uitantes
546 3489 581 3542 H
584 3490 617 3555 P
636 3505 683 3544 em
698 3491 757 3544 edd.
775 3489 831 3559 124
850 3506 879 3544 se
893 3491 928 3543 H
942 3505 994 3558 sap
995 3505 1074 3544 areca
1092 3492 1147 3552 125
1162 3504 1209 3542 ro·
1297 3545 1298 3548 ,

192 3559 434 3631 macHlan]
454 3557 535 3631 plll(
532 3560 731 3626 tresserclitt
751 3505 1213 3629 erasaeeantlH¹pbpraeP
