2616 4048
416 205 567 260 affluat
595 204 673 260 CAP.
692 211 772 260 24
1060 206 1101 268 ll

155 370 185 435 6.
207 369 442 435 Themistocles
455 369 653 434 aduentante
665 368 781 452 Xerxe,
799 369 877 452 quia
888 389 994 452 neque
1008 391 1103 452 proe

89 461 135 525 lio
151 459 295 543 pedestri
311 481 416 543 neque
432 459 556 522 tutelae
574 458 689 522 linium
701 478 806 541 neque
819 457 984 522 obsidioni
997 457 1104 521 crede-

88 549 147 613 bat
160 547 307 612 sufficere
321 549 549 628 Athenienses,
566 551 680 611 auctor
697 546 762 610 fuit
775 548 823 610 eis
836 547 958 610 liberos
976 549 1010 609 et
1027 568 1104 610 con-

89 638 180 721 iuges
193 637 228 700 iu
238 636 403 702 'lboeaena
416 641 451 701 et
463 637 498 700 in
511 636 594 700 alias
607 636 705 700 urbes
719 634 914 700 amandandi
926 634 1104 718 relictoque

90 725 210 810 oppido
236 729 360 790 statum
386 725 467 789 belli
489 725 532 789 ad
552 725 671 788 nauale
693 724 856 808 proelium
877 723 1139 788 trmsfereudia

157 815 201 894 [ἵ.
223 813 314 878 Idem
336 814 416 878 fecit
432 815 468 877 iu
486 813 599 878 eadem
617 814 752 878 ciuitate
770 813 912 876 Pericles
930 813 1104 877 aduemum

89 902 386 982 Lacedaemonios]

156 992 186 1056 8.
208 988 331 1075 Scipio,
354 995 507 1055 manente
524 991 560 1054 in
578 991 677 1056 Italia
693 989 892 1074 Hannibale,
910 989 1104 1054 transmisso

88 1080 125 1144 in
156 1078 304 1144 Africam
341 1081 483 1143 exercitu
518 1081 747 1144 necessitatem
779 1078 1104 1164 Carthaginiensibus

88 1168 237 1250 inposuit
259 1167 434 1230 revocandi
454 1166 687 1230 Hannibalem:
710 1168 758 1230 sic
779 1191 800 1233 a
823 1166 1010 1232 domesticis
1031 1167 1104 1230 fini·
1125 1182 1158 1232 10

88 1257 152 1320 bus
176 1255 256 1336 (in)
278 1254 415 1318 hostiles
438 1254 607 1318 transtulit
629 1255 758 1319 bellurn

160 1342 190 1405 9.
217 1341 446 1423 Athenienses,
474 1364 547 1406 cum
570 1341 734 1408 Deceliam
762 1345 932 1408 castellum
958 1344 1104 1427 ipsorum

92 1429 340 1495 Lacedaemonii
362 1432 615 1496 communissent
633 1436 668 1496 et
683 1432 885 1517 frequentius
902 1437 1106 1515 vexarentur,
1222 1423 1257 1506 Ῥ

92 1519 243 1602 classem,
267 1541 348 1604 quae
364 1518 625 1605 Peloponensum
643 1521 829 1604 infestaret,
851 1523 1012 1586 miserunt
1030 1543 1105 1586 con-
1238 1557 1243 1586 l

90 1607 256 1691 secutique
288 1611 376 1691 sunt,
408 1613 446 1672 nt
477 1610 636 1675 exercitus
668 1609 1013 1692 lacedaemoniorum,
1049 1609 1106 1694 qui
1125 1625 1158 1673 15

88 1695 240 1760 Deceliae
263 1700 347 1782 erat,
369 1703 587 1763 reuocaretur.

157 1785 208 1850 10.
234 1784 418 1870 Imperator
445 1785 565 1852 Caesar
587 1787 795 1853 Domitianus
819 1785 1004 1871 Augustus,
1031 1808 1105 1851 cum
1178 1795 1185 1865 1
1219 1787 1223 1794 ’

88 1872 243 1939 Germani
265 1897 355 1939 more
374 1897 434 1941 sno
452 1898 469 1939 e
489 1877 628 1940 saltibus
647 1880 681 1940 et
699 1876 847 1941 obscuris
870 1875 1008 1940 latebris
1032 1875 1105 1939 sub·

86 1962 163 2026 inde
186 1964 404 2049 inpugnarent
425 1967 557 2030 nostros
580 1969 754 2048 tutumque
776 1985 959 2049 regressum
979 1964 1014 2028 in
1032 1966 1106 2046 p'ro·

86 2050 190 2116 funda
207 2053 364 2117 siluarum
382 2053 557 2138 haberent,
578 2053 740 2117 limitibus
758 2075 818 2136 per
836 2056 966 2118 centum
985 2051 1105 2136 uiginti
1124 2067 1158 2115 20

86 2140 179 2205 milia
200 2163 357 2223 passuum
377 2141 459 2205 actis
478 2163 546 2206 non
565 2141 707 2205 mutauit
724 2145 855 2204 tantum
873 2143 998 2204 statum
1016 2138 1105 2222 belli,

87 2228 145 2292 sed
173 2232 208 2292 et
234 2228 373 2292 subiecit
400 2229 520 2293 dicioni
548 2250 625 2292 suae
652 2227 779 2308 hostes,
811 2248 949 2311 quorum
978 2227 1105 2310 refugia
1164 2244 1174 2288 l

87 2316 279 2380 nudauerat.

86 2490 147 2544 IIII.
180 2488 230 2544 DE
253 2487 763 2615 TRANSDUOENIIlgFffsXffclTU
785 2487 859 2542 PER
876 2487 972 2543 LOCA
996 2486 1106 2542 HOSTI
1124 2562 1158 2611 π

157 2670 185 2733 1.
212 2670 374 2734 Aemilius
397 2669 518 2734 Paulus
547 2670 662 2736 consul
689 2692 762 2735 cum
790 2670 826 2733 in
849 2668 989 2734 Lucanis
1012 2669 1105 2733 iuxta

87 2758 168 2822 litus
199 2763 339 2843 augusto
371 2759 487 2824 itinere
515 2759 691 2824 exercitum
718 2758 849 2824 duceret
877 2761 910 2822 et
938 2757 1106 2821 Tarentini

160 2937 179 2984 4
196 2933 310 2987 trozena
322 2932 356 2985 H
358 2932 404 2996 ΡΙ
427 2931 597 2986 amandandi
616 2932 697 2985 Mod.
722 2931 854 2985 anidaudi
869 2930 904 2983 H
920 2929 1062 2984 ominandi
1079 2929 1107 2982 P

87 3001 238 3055 emittendi
255 3003 275 3056 d
298 3005 302 3068 Ι
326 3002 480 3070 relictaque
498 3000 543 3055 H¹
569 3005 573 3068 Ι
598 3007 614 3055 6
633 3003 784 3070 exemplum
802 3002 937 3066 almam,
961 3001 996 3067 cf.
1014 3001 1105 3067 praef.

88 3072 110 3142 5
128 3077 146 3126 9
168 3073 173 3136 l
199 3077 214 3126 9
234 3072 384 3126 exercitum
397 3073 432 3126 H
447 3078 512 3128 onte
529 3074 606 3140 roal
632 3071 893 3141 carthaginensibus
911 3070 947 3123 H
963 3074 968 3134 Ι
993 3076 1025 3123 10
1044 3069 1105 3124 fini-

89 3143 141 3196 bus
159 3142 179 3196 ἀ
196 3141 339 3196 funeribus
358 3143 442 3216 ΗΡΙ
467 3150 499 3198 11
518 3142 548 3197 in
566 3141 685 3196 hostiles
704 3141 876 3197 Freiasteim
893 3139 998 3195 hostile
1017 3140 1052 3194 H
1054 3140 1082 3193 P

91 3219 124 3268 13
143 3211 336 3280 frequentibus
353 3213 388 3266 H
404 3219 409 3281 1
434 3213 669 3338 uexarentusscs.
685 3214 775 3281 praef.
794 3211 815 3282 §
833 3217 868 3266 14
893 3218 897 3275 Ι
924 3217 958 3265 14
976 3227 1032 3280 qua
1052 3212 1080 3265 P

89 3283 306 3352 peloponessum
323 3283 369 3342 Pl
387 3284 555 3340 infestarent
568 3282 603 3337 H
630 3325 640 3351 ,
658 3299 727 3338 corr.
747 3285 806 3338 edd.
824 3286 828 3352 Ι
850 3283 1048 3350 consecutique
1064 3282 1103 3347 Η,

89 3355 137 3408 sed
155 3369 209 3422 que
227 3356 381 3422 superma!
407 3361 440 3409 16
459 3353 615 3426 deoaelinlsf
631 3357 703 3421 (aaa
721 3354 773 3409 litt.
792 3355 883 3420 aoso)
903 3351 955 3421 ΗΙ
978 3358 1013 3407 20
1031 3351 1104 3406 mili-

88 3423 166 3478 tibus
184 3424 220 3478 H
222 3425 255 3492 P,
274 3441 322 3478 em.
342 3423 400 3478 Sor.

161 3501 195 3550 25
215 3494 324 3550 insessa
344 3495 430 3562 Oud.,·
452 3497 488 3563 cf.
507 3499 582 3563 3,13
608 3497 613 3564 l
638 3498 673 3548 26
692 3492 808 3565 Paulus]
828 3495 922 3564 Papus
943 3493 1043 3560 Tana,
1068 3493 1104 3560 os.

88 3567 177 3634 praes.
197 3565 264 3637 §11
287 3569 292 3637 Ι
313 3571 346 3621 27
366 3563 468 3620 rentini
488 3566 534 3620 Hl

1291 3375 1303 3592 l
