2452 3952
104 144 148 209 24
313 143 390 199 IULI
407 141 587 198 FRONTINI
605 137 929 196 STRATEGEMATON

103 310 218 374 noster
250 306 424 390 exercitus,
461 305 666 370 succiderunt
700 304 833 369 arbores
865 303 926 388 ita,
962 305 1001 367 ut
1031 307 1127 387 parte

106 397 224 482 exigua
247 396 449 459 sustentatae
473 396 611 478 starent,
639 392 741 458 donec
768 392 1018 476 inpellerentur3
1047 391 1125 456 deli·

106 488 239 549 tuerunt
266 482 381 548 deinde
410 481 450 546 ad
478 485 640 546 extremas
672 480 737 566 ipsi
764 481 976 566 ingressoque
1005 479 1125 544 siluam

107 573 202 639 hoste
226 571 327 655 <per>
350 571 516 655 proximas
539 571 711 636 ulteriores
735 569 938 655 inpulerant:
965 567 1126 634 eomodo

72 676 89 727 5
108 663 291 746 propagata
313 660 436 745 pariter
459 680 558 744 supra
580 658 748 724 Romanos
766 659 862 724 ruina
879 678 1032 743 magnam
1055 678 1127 721 ma-

108 771 185 815 num
209 748 372 814 eliserunt.

109 957 169 1014 VH.
196 955 485 1023 QUEMADMODUM
499 957 557 1026 EA,
573 955 706 1023 QUIBUS
721 955 958 1022 DEFIGIEMUR,
970 953 1128 1009 VIDEAN-

152 1045 228 1102 TUR
244 1043 325 1100 NON
342 1045 481 1102 DEESSE
502 1045 577 1101 AUT
596 1044 687 1102 Usus
706 1044 836 1101 EORUM
853 1042 1081 1099 EXPLEATUR.

179 1193 207 1256 1.
229 1189 264 1255 L.
280 1189 440 1257 Caecilius
463 1189 630 1275 Metellus,
654 1190 731 1275 quia
753 1212 815 1255 usu
836 1189 983 1270 nauium,
1006 1186 1126 1273 quibus

59 1298 91 1348 10
110 1278 301 1363 elephantos
337 1283 591 1363 transportaret,
632 1279 856 1364 deficiebatur,
895 1277 1003 1342 iunxit
1038 1276 1128 1342 dolia

110 1367 356 1452 constrauitque
388 1368 545 1432 tabulatis
578 1388 615 1432 ac
644 1388 741 1452 super
769 1389 807 1432 ea
838 1367 964 1452 positos
991 1387 1051 1449 per
1079 1363 1128 1430 Si·

110 1457 218 1521 culum
240 1455 363 1520 fretum
384 1455 578 1521 transmisit.

177 1545 207 1610 2.
239 1542 418 1627 Hannibal,
450 1566 524 1609 cum
551 1544 587 1608 in
612 1545 752 1628 praealti
778 1542 920 1609 fluminis
948 1542 1128 1607 transitum

111 1631 306 1717 elephantos
327 1654 393 1697 non
415 1636 528 1716 posset
546 1634 738 1717 compellere
751 1655 811 1698 nec
829 1633 965 1698 nauium
983 1634 1041 1695 aut
1058 1653 1127 1696 ma·

59 1739 91 1790 15
110 1721 279 1804 teriarum,
299 1720 416 1806 quibus
434 1724 522 1787 rates
542 1725 818 1805 construerentur,
836 1721 962 1805 copiam
980 1718 1129 1805 haberet,

111 1810 208 1874 iussit
229 1809 468 1875 ferocissimum
491 1810 700 1894 elephantum
724 1811 784 1875 sub
809 1831 886 1874 aure
904 1808 1070 1874 uulnerari
1094 1813 1128 1874 et

112 1921 186 1963 eum
205 1899 260 1982 qui
279 1898 483 1963 uulnerasset
500 1902 631 1964 tranato
646 1899 757 1964 statim
775 1899 908 1962 flumine
924 1918 1129 1981 procurrere:

112 1987 304 2072 elephantus
335 1991 543 2071 exasperatus
572 1988 612 2052 ad
639 1987 899 2072 persequendum
926 1985 1048 2051 doloris
1077 1986 1129 2050 sui

112 2080 278 2141 auctorem
310 2076 456 2140 tranauit
488 2098 616 2141 amnem
649 2080 682 2141 et
712 2076 847 2160 reliquis
874 2074 960 2139 idem
989 2073 1130 2139 audendi

59 2181 93 2232 so
110 2163 189 2230 fecit
211 2166 401 2248 exemplum.

179 2254 209 2318 3.
233 2249 551 2338 Carthaginiensium
569 2253 666 2319 duces
683 2252 875 2318 instrueturi
890 2251 1037 2332 classem,
1050 2251 1130 2335 quia

112 2345 225 2427 sparto
253 2341 496 2426 deliciabantur,
527 2341 670 2407 crinibus
693 2345 863 2407 tonsarum
889 2340 1064 2405 mulierum
1088 2339 1130 2405 ad

111 2430 206 2496 funes
231 2429 416 2496 efficiendos
440 2431 490 2496 usi
514 2433 597 2495 sunt.

180 2520 224 2600 [4.
246 2518 337 2583 Idem
360 2517 583 2583 Massilienses
607 2521 639 2582 et
662 2516 784 2583 Rhodii
806 2517 974 2597 fecerunt]

59 2624 93 2674 25
180 2605 209 2672 5.
245 2605 290 2670 M.
313 2607 474 2672 Antonius
504 2628 523 2670 a
549 2604 677 2671 Mutina
708 2605 866 2692 profugus
899 2605 1036 2672 cortices
1068 2627 1129 2690 pro

113 2695 215 2762 scutis
238 2693 398 2760 militibus
423 2694 490 2759 suis
515 2693 611 2759 dedit.

186 2875 199 2923 1
219 2867 396 2923 succiderant
413 2868 433 2923 d
448 2869 453 2938 Ι
470 2885 503 2923 ex
521 2871 602 2937 parte
621 2868 665 2939 ΡΙ
682 2874 697 2923 2
717 2869 888 2925 delituerant
906 2868 941 2922 Η
943 2868 979 2936 Ρ,
997 2869 1101 2924 sorau
1123 2868 1126 2938 Ι

112 2947 129 2996 4
147 2956 199 3010 per
216 2939 344 3009 suppleat
361 2937 497 3008 proximis
518 2939 601 2996 Goels
623 2940 765 3010 proximas
784 2941 813 2994 in
834 2939 918 2994 Teuc.
937 2939 967 2994 in
985 2939 1132 3008 proximas

114 3011 184 3067 Ouel.
202 3014 206 3078 Ι
230 3016 246 3065 t
264 3013 443 3079 propugnata
458 3010 494 3064 H
495 3009 504 3040 ¹

185 3079 372 3137 'ldeficiemur
380 3082 481 3149 scripsi
498 3081 683 3137 deficimurH
698 3080 843 3137 deficimus
853 3080 891 3135 P:
905 3081 940 3148 ef.
947 3081 1039 3152 praef.
1050 3079 1071 3152 ἕ
1076 3085 1112 3136 14
1124 3081 1130 3153 Ι

113 3159 129 3208 8
148 3155 181 3207 ut
199 3152 227 3205 P
250 3156 254 3221 Ι
279 3157 294 3206 9
314 3168 380 3207 usus
398 3152 474 3220 ΗΡ,
493 3169 562 3208 corr.
582 3154 601 3208 sl
626 3155 630 3222 l
656 3158 689 3206 11
708 3151 846 3206 tabulatis
864 3151 909 3218 H,
927 3153 974 3207 secl
992 3171 1004 3206 s
1022 3153 1055 3206 iu
1072 3168 1130 3209 rus.

112 3225 233 3280 duorum
251 3220 340 3278 little
367 3222 570 3279 tabulamentis
590 3224 637 3292 ΡΙ
663 3226 696 3277 16
716 3225 943 3278 construerentur
961 3224 980 3278 el
1004 3224 1130 3278 conster-

112 3296 245 3350 narentur
255 3293 290 3348 H
304 3294 513 3350 continerentur
528 3294 584 3350 01³
600 3294 814 3350 contexerentur
826 3292 895 3349 Oad.
913 3295 917 3363 Ι
933 3294 1037 3348 habere
1048 3291 1111 3347 GH
1123 3293 1129 3366 l

114 3371 148 3420 16
168 3365 347 3434 elephantem
366 3365 410 3420 H¹
431 3367 435 3434 Ι
462 3371 494 3421 19
514 3362 648 3420 audiendi
666 3363 731 3418 ΗΡ
745 3369 808 3418 uate
825 3365 903 3434 roal
928 3370 962 3419 21
982 3364 1131 3435 Chartagi·

113 3434 241 3495 nausiam
260 3435 284 3491 0
306 3434 570 3505 Carthaginensium
587 3436 606 3490 t
631 3437 635 3503 1
661 3439 697 3489 24
715 3436 866 3505 exemplum
884 3437 1005 3492 alienam
1023 3441 1075 3492 ecl:
1093 3435 1129 3503 cf.

109 3508 200 3579 srael-
220 3506 241 3579 i
260 3512 278 3563 9
