2616 4048
206 208 248 272 12
409 208 485 262 IULI
503 206 682 262 FltONTINI
700 205 1021 264 STRATEGEMATON

206 372 236 434 ei
265 372 368 435 classe
395 370 542 435 insidiati
575 390 693 455 agmen
721 371 790 436 eius
818 369 1043 453 scorpionibus
1074 369 1222 454 adgressi
1302 365 1303 430 ἕ

207 463 328 537 essent,
365 459 512 543 captiuos
546 459 640 524 lateri
673 460 816 524 euntium
851 459 1047 543 praetexuit:
1084 481 1223 542 quorum
1302 483 1303 494 ¹

205 551 355 631 respectu
376 548 487 612 hostes
510 547 681 613 inhibuere
705 548 781 612 tela.

272 638 303 701 2.
333 635 506 721 Agesilaus
529 636 816 717 Lacedaemonius,
844 657 918 700 eum
939 635 1061 719 praeda
1085 640 1222 702 onustus

171 742 246 792 oex
277 724 422 810 Phrygia
459 724 580 790 rediret
616 726 926 809 insequerenturque
962 725 1074 790 hostes
1112 728 1145 788 et
1181 725 1224 789 ad

205 813 351 878 locorum
375 815 654 898 opportunitatem
677 814 873 879 lacesserent
895 833 1014 897 agmen
1032 813 1115 898 eius,
1139 814 1224 877 ordi·

205 923 279 966 nem
310 903 514 986 captiuorum
543 903 584 967 ab
612 906 750 986 utroque
777 903 879 967 latere
907 901 1066 966 exercitus
1094 901 1225 966 1111111-

206 991 336 1074 plicuit:
360 991 477 1075 quibus
497 991 574 1055 dum
596 991 742 1074 parcitur
761 990 802 1055 ab
821 990 932 1076 hoste,
955 991 1099 1074 spatium
1117 994 1225 1056 trans·

207 1079 303 1143 eundi
326 1079 510 1145 habuerunt
532 1079 789 1146 Lacedaemonii.

154 1186 187 1235 1ο
241 1227 244 1232 ⁴
273 1169 303 1233 3.
335 1168 435 1253 Idem,
458 1169 644 1234 tenentibus
669 1168 839 1253 angustias
859 1167 1038 1251 Thebanis,
1060 1189 1118 1252 per
1142 1189 1223 1250 quas
1302 1179 1303 1196 ¹

206 1258 442 1322 transeundum
469 1257 625 1341 habebat,
657 1257 747 1321 flexit
773 1258 849 1341 iter,
877 1257 970 1346 quasi
994 1256 1124 1321 Thebas
1148 1277 1223 1322 con·

206 1345 369 1410 tenderet:
397 1346 561 1410 exterritis
586 1345 750 1410 Thebanis
778 1345 999 1430 digressisque
1021 1345 1063 1409 ad
1086 1345 1223 1410 tutanda

206 1433 533 1585 muliniabripiffilum
555 1433 632 1518 iter,
656 1455 718 1517 quo
742 1433 977 1518 destinauerat,
1001 1453 1149 1498 emensus
1173 1439 1225 1499 est

205 1543 227 1585 n
276 1542 408 1587 oosrs
426 1543 466 1585 en
482 1544 508 1586 e.

155 1628 187 1676 15
272 1611 304 1674 4.
333 1608 541 1690 Nicostratus
566 1609 633 1674 dux
657 1609 850 1675 Aetolorum
878 1611 1033 1676 aduersus
1055 1609 1224 1695 Epirotas,
1302 1685 1303 1694 ἵ

207 1720 280 1763 eum
313 1698 343 1762 ei
376 1698 484 1763 aditus
516 1698 550 1762 in
582 1699 662 1763 fines
696 1721 807 1764 eorum
840 1701 973 1784 angusti
1003 1700 1131 1781 fierent,
1163 1722 1225 1785 per

208 1787 347 1852 alterum
370 1787 479 1851 locum
502 1787 711 1870 inrupturum
730 1810 764 1852 se
784 1789 970 1868 ostendens,
993 1789 1084 1854 omni
1104 1787 1162 1853 illa
1182 1789 1225 1854 ad

205 1874 445 1960 prohibendum
468 1880 656 1941 occurrente
674 1876 886 1960 Epirotarum
904 1877 1126 1961 multitudine,
1148 1878 1224 1942 reli·

207 1964 277 2050 quit
309 1985 384 2028 suos
416 1985 550 2049 paucos,
584 1966 639 2049 qui
670 1967 810 2050 speciem
838 1967 1035 2030 remanentis
1064 1965 1224 2031 exercitus

153 2069 187 2118 2ο
206 2052 413 2136 praeberent:
436 2053 506 2136 ipse
530 2074 603 2118 cum
627 2058 734 2120 cetera
757 2077 857 2120 manu
881 2076 944 2139 quo
967 2075 1034 2120 non
1056 2057 1225 2140 exspecta-

207 2142 306 2206 batur
328 2141 418 2206 aditu
441 2142 588 2208 intrauit.

272 2230 303 2295 5.
335 2230 600 2314 Autophradates
628 2231 758 2310 Perses,
786 2254 860 2297 cum
887 2232 921 2296 in
949 2230 1105 2296 Pisidiam
1133 2253 1224 2296 exer-

206 2319 306 2384 eitum
327 2320 458 2385 duceret
472 2325 505 2385 et
519 2322 687 2406 angustias
702 2321 860 2406 quasdam
874 2319 1003 2385 Pisidae
1018 2327 1225 2404 occuparent,

207 2407 360 2472 simulata
383 2409 555 2474 vexatione
579 2410 749 2474 traiciendi
772 2408 916 2473 instituit
942 2408 1108 2474 reducere:
1136 2409 1225 2494 quod

152 2512 187 2560 ao
207 2518 280 2561 cum
316 2496 447 2562 Pisidae
484 2498 710 2582 credidissent,
751 2497 807 2562 ille
848 2501 943 2562 nocte
984 2496 1224 2563 ualidissimam

205 2606 338 2648 manum
367 2586 408 2648 ad
436 2585 572 2650 eundem
599 2585 708 2650 locum
735 2585 955 2669 occupandum
985 2585 1156 2671 praemisit
1185 2609 1225 2652 ae

205 2675 339 2757 postero
363 2672 414 2737 die
437 2676 543 2737 totum
565 2673 695 2737 traiecit
718 2675 900 2738 exereitum.
1302 2723 1303 2730 1

273 2761 302 2824 6.
326 2759 496 2844 Philippus
513 2760 726 2827 Macedonum
743 2783 802 2826 rex
815 2761 985 2827 Graeciam
1003 2766 1129 2847 petens,
1148 2785 1225 2829 cum
1302 2759 1303 2804 ἶ

206 2848 442 2932 Thermopylas
462 2853 635 2932 occupatas
655 2850 781 2915 audiret
799 2855 832 2915 et
851 2851 891 2917 ad
911 2873 984 2915 eum
1007 2851 1110 2936 legati
1124 2852 1226 2916 Aeto·
1302 2873 1303 2890 ¹

277 3081 292 3129 2
308 3075 428 3145 captiuis
443 3077 534 3130 latera
545 3077 586 3144 P‚·
601 3079 635 3144 ef.
646 3083 674 3147 6,
686 3083 722 3133 17
738 3081 742 3147 Ι
761 3086 792 3132 11
803 3078 922 3134 transire
933 3079 1065 3133 auebatd
1081 3078 1085 3149 Ι
1102 3084 1135 3132 13
1146 3080 1226 3147 quod

204 3147 263 3201 edd.
282 3149 285 3212 Ι
309 3151 342 3200 15
355 3145 533 3203 Nicostratus
551 3151 641 3218 (prior
655 3167 668 3204 s
682 3155 828 3219 euperem.)
842 3150 893 3216 ΗΙ
911 3154 944 3202 16
962 3149 1055 3203 forent
1067 3149 1197 3204 Eussner
1219 3151 1223 3222 Ι

205 3223 240 3270 20
259 3232 313 3285 quo
332 3218 467 3273 Heinsius
494 3235 549 3287 qua
567 3219 602 3272 Η
604 3219 643 3288 Ρ,
666 3222 713 3276 sed
735 3238 773 3275 ua
793 3236 881 3288 stupro
898 3237 954 3276 rus.
973 3221 1059 3275 uatus
1077 3221 1129 3276 litt.
1150 3222 1225 3289 (fue-

205 3293 284 3342 ratae
301 3306 328 3356 q:
344 3314 378 3334 =
393 3306 446 3357 que
462 3288 489 3358 2)
504 3292 542 3353 bl
567 3296 600 3345 21
616 3291 726 3346 aditum
740 3292 768 3345 P
783 3307 888 3360 qua-
902 3292 1008 3358 aditus,
1028 3289 1094 3346 intr.
1113 3290 1195 3348 Stew.
1219 3291 1224 3364 Ι

204 3364 238 3413 22
258 3359 458 3416 Autofradates
475 3362 539 3415 ΗΡ
561 3364 565 3430 Ι
590 3379 685 3431 perses
704 3363 749 3429 H,
771 3362 818 3416 sed
836 3377 886 3430 per
904 3364 936 3417 iu
953 3363 1047 3418 raab
1071 3365 1075 3428 Ι
1101 3362 1224 3432 231111-

205 3429 268 3484 diae
282 3430 328 3499 H,
347 3432 394 3486 sed
412 3431 442 3500 pi
460 3433 492 3486 ta
509 3449 564 3487 rus.
578 3439 604 3487 et
618 3433 647 3488 di
666 3451 700 3488 ex
718 3434 756 3486 du
775 3435 876 3488 coreb
897 3437 900 3500 Ι
927 3438 962 3488 24
979 3432 1135 3488 traiciendo
1148 3433 1195 3487 ΗῚ
1218 3433 1223 3504 Ι

204 3501 350 3556 reduceret
362 3502 428 3570 11²1
449 3507 483 3557 25
501 3501 622 3572 pisidiae
637 3505 688 3572 ΗΙ
709 3509 743 3558 28
762 3503 889 3573 graecias
903 3503 938 3556 Η
942 3505 977 3572 Ρ,
996 3505 1043 3559 sed
1061 3504 1096 3571 of.
1112 3502 1224 3560 Charis.

204 3572 242 3625 K.
253 3588 283 3641 p.
299 3577 379 3642 32,4
400 3577 404 3642 Ι
425 3579 459 3629 29
478 3575 682 3644 thermophilas
701 3576 735 3628 H
750 3575 962 3645 thermophplas
981 3575 1010 3629 P
