2616 4048
195 221 240 285 44
400 221 475 278 IULI
493 220 673 276 FRONTINI
692 219 1014 277 STRATEGEMATON

194 386 330 471 ipsaque
352 385 417 449 loci
439 388 558 450 natura
580 405 640 468 pro
660 383 869 449 munimentis
893 405 971 448 usus
994 383 1221 450 clarissimum

196 473 309 538 ducem
332 473 419 539 uicit.
479 513 480 518 κ

263 563 292 628 7.
314 560 406 632 Idem
425 561 512 646 apud
530 559 673 642 Cannas,
692 583 765 626 cum
788 561 1000 646 comperisset
1014 560 1221 626 Volturnum

195 672 324 715 amnem
352 650 438 715 ultra
464 650 665 735 reliquorum
691 654 841 716 naturam
873 649 1042 714 fluminum
1069 649 1221 734 ingentis

160 755 290 804 rauras
314 760 409 804 mane
437 739 591 824 proflare,
619 759 701 824 quae
725 759 896 804 arenarum
920 742 953 802 et
974 738 1119 822 pulueris
1143 760 1220 804 uer-

194 827 276 892 tices
304 830 452 912 agerent,
481 827 527 893 sic
556 827 673 893 direxit
701 827 816 909 aciem,
844 831 881 890 ut
903 830 974 894 tota
1001 827 1052 892 uis
1076 849 1097 892 a
1118 832 1220 912 tergo
1291 903 1292 914 ,

196 916 277 999 suis,
305 915 465 982 Romanis
492 917 528 982 in
551 938 608 982 ora
631 921 664 980 et
687 916 798 981 oculos
821 914 997 981 incederet:
1025 916 1143 999 quibus
1166 916 1219 980 in·
1291 919 1292 990 J

195 1003 374 1070 commodis
393 1006 474 1071 mire
493 1005 580 1070 horti
599 1003 846 1070 aduersantibus
860 1003 953 1070 illam
967 1004 1220 1069 memorabilem

195 1093 332 1179 adeptus
357 1098 407 1159 est
429 1094 611 1160 uictoriam.

143 1200 176 1250 10
262 1184 292 1249 8.
323 1181 447 1249 Marius
475 1181 630 1248 aduersus
654 1181 803 1248 Gimbros
832 1202 870 1246 ac
897 1181 1062 1248 Teutonos
1090 1181 1218 1247 consti·

194 1275 267 1336 tuta
286 1271 336 1336 die
355 1275 560 1358 pugnaturus
579 1273 743 1336 firmatum
761 1270 834 1335 cibo
853 1269 992 1334 militem
1011 1272 1088 1335 ante
1107 1273 1220 1335 cestra

196 1359 394 1443 conlocauit,
423 1364 461 1424 ut
488 1382 546 1445 per
575 1361 778 1443 aliquantum
806 1357 919 1444 spatii,
947 1380 1010 1442 quo
1035 1357 1220 1422 aduersarii

196 1448 445 1532 dirimebantur,
469 1448 628 1514 exercitus
651 1447 798 1513 hostium
820 1447 930 1532 potius
953 1446 1064 1512 labore
1087 1445 1219 1512 itineris

195 1536 437 1622 profligaretur:
468 1535 657 1620 fatigationi
690 1535 804 1602 deinde
832 1557 945 1601 eorum
972 1535 1220 1602 incommodum
1291 1613 1292 1616 Ἴ

145 1642 176 1691 15
197 1625 287 1690 aliud
306 1625 434 1709 obiecit,
451 1625 500 1690 ita
514 1625 666 1690 ordinate
684 1646 817 1690 suorum
836 1625 915 1708 acie,
933 1628 970 1689 ut
989 1623 1126 1688 aduerso
1147 1624 1219 1690 sole

198 1715 231 1779 et
249 1716 350 1778 uento
369 1717 402 1778 et
418 1714 552 1799 puluere
575 1714 787 1780 barbarorum
812 1717 1023 1798 occuparetur
1046 1713 1219 1778 exereitus.
1291 1731 1292 1736 ’

265 1803 295 1868 9.
331 1800 520 1868 Cleomenes
553 1801 828 1868 Lacedaemonius
866 1803 1021 1868 aduersus
1055 1799 1220 1886 Hippiam

56 1903 85 1988 γ
199 1889 446 1976 Atheniensem,
474 1891 531 1976 qui
555 1891 702 1975 equitatu
724 1891 949 1977 praeualebat,
972 1890 1159 1975 planitiem,
1183 1890 1220 1956 in

71 2018 75 2030 ι
174 1988 177 1994 '
197 2001 261 2063 qua
285 1978 495 2045 dimicaturus
519 1985 604 2064 erat,
628 1981 797 2046 arboribus
821 1981 996 2064 prostratis
1020 1977 1160 2064 inpediit
1184 1983 1220 2043 et

40 2119 79 2153 ..a
132 2084 178 2133 ·20
197 2068 321 2133 inuiam
344 2068 424 2134 fecit
446 2069 557 2153 equiti.

40 2153 62 2179 ‘'
265 2158 315 2222 10.
345 2156 461 2223 Hiberi
483 2159 518 2222 in
542 2157 654 2222 Africa
677 2156 803 2241 ingenti
830 2155 977 2221 hostium
1003 2154 1217 2220 multitudine

197 2247 323 2330 excepti
340 2247 570 2331 timentesque,
592 2267 633 2311 nc
652 2246 913 2330 circumirentur,
936 2244 1163 2329 adplicuerunt
1181 2267 1218 2308 se

196 2335 337 2419 flumini,
360 2336 447 2420 quod
470 2336 545 2401 altis
565 2335 600 2398 in
619 2356 657 2400 ea
674 2335 809 2419 regione
831 2333 910 2418 ripis
929 2333 1145 2418 praefluebat:
1168 2333 1219 2398 ita

198 2427 332 2509 etergo
356 2445 452 2489 amne
476 2424 600 2490 defensi
630 2426 663 2488 et
691 2422 840 2504 subinde,
869 2443 942 2486 cum
971 2421 1093 2486 uirtute
1120 2443 1216 2505 prae·

144 2527 177 2576 ao
198 2516 337 2596 starent,
360 2512 554 2578 incursando
573 2512 609 2575 in
626 2512 792 2597 proximos
812 2531 940 2575 omnem
964 2509 1108 2575 hostium
1127 2531 1216 2575 exer·

196 2601 298 2665 citum
323 2604 518 2666 strauerunt.

267 2691 317 2753 11.
347 2687 556 2773 Xanthippus
579 2685 853 2751 Lacedaemonius
882 2686 954 2752 sola
981 2686 1045 2752 loci
1072 2705 1216 2752 commu-

119 2787 123 2793 “
196 2775 322 2842 tatione
350 2775 514 2841 fortunam
538 2775 651 2840 Punici
678 2774 756 2841 belli
782 2775 953 2841 conuertit.
998 2796 1075 2840 nam
1099 2795 1172 2840 cum
1194 2797 1215 2838 a

107 2879 112 2892 ·
198 2864 446 2949 desperantibus
473 2864 538 2928 iam
568 2862 893 2951 Carthaginiensibus
921 2861 1068 2930 mercede
1096 2862 1214 2929 sollici·

144 2969 178 3019 30
196 2957 287 3018 tatus
316 2954 601 3018 animaduertisset
624 2953 723 3018 Afros
752 2952 896 3038 quidem,
922 2952 978 3037 qui
1006 2951 1154 3036 equitatu
1181 2955 1215 3016 et

198 3043 381 3128 elephantis
395 3043 618 3127 praestabant,
632 3042 732 3108 colles
747 3041 875 3126 sectari,
890 3040 1081 3106 eRomanis
1096 3043 1214 3125 autem,

271 3191 284 3236 1
309 3181 365 3236 loci
385 3181 424 3250 (ci
442 3184 474 3236 ie
491 3197 546 3237 raa.
565 3182 595 3252 t)
613 3181 648 3236 H
667 3183 671 3251 1
700 3188 848 3236 eumaem
868 3209 901 3220 -
919 3178 1078 3250 fluminum]
1098 3179 1215 3234 uentum

197 3283 232 3294 -
246 3252 391 3307 flaminum
402 3251 548 3310 Gluaeriua
563 3253 568 3324 Ι
583 3251 722 3309 Volturno
732 3250 864 3306 Aufidum
875 3250 960 3306 Oud:
974 3250 1009 3316 cf.
1021 3250 1110 3319 praefi
1126 3249 1189 3322 §11
1207 3249 1211 3324 Ι

198 3322 354 3392 eproflore
373 3323 409 3377 H
432 3328 496 3380 onte
514 3340 582 3381 corr.
609 3327 613 3391 1
639 3331 655 3379 6
679 3326 777 3392 cierge
795 3322 827 3377 H
851 3324 856 3392 Ι
886 3328 901 3376 'i
920 3320 1059 3376 incideret
1075 3321 1127 3375 tP
1150 3323 1154 3390 1
1179 3325 1214 3375 12

197 3393 274 3463 quod
289 3393 321 3448 H
336 3395 341 3464 Ι
358 3399 391 3450 13
410 3396 498 3450 totius
513 3393 614 3450 Hortel
632 3393 710 3465 prius
726 3394 796 3450 oud.
815 3392 942 3463 protinus
955 3392 1086 3447 Herelius
1102 3394 1106 3460 Ι
1131 3395 1164 3446 le
1181 3395 1214 3447 ut

196 3481 329 3534 amarer.
349 3466 384 3520 H
404 3468 409 3535 Ι
436 3471 468 3519 1⁷
492 3466 572 3534 hippi
591 3466 626 3520 H
646 3469 650 3533 Ι
677 3471 710 3519 19
729 3465 840 3534 inpedit
857 3463 901 3518 H¹
926 3466 931 3528 Ι
956 3469 989 3518 21
1014 3462 1119 3517 Heberi
1138 3462 1182 3517 H¹
1206 3462 1211 3533 Ι

198 3537 315 3592 africam
329 3537 399 3603 ΗΡ,
417 3538 591 3605 corr.d123
611 3535 661 3606 qui
678 3537 720 3591 ita
737 3536 765 3590 P
779 3537 784 3606 Ι
800 3540 834 3590 2⁷
853 3533 1013 3604 Xantippus
1032 3534 1079 3603 ΡΙ
1095 3538 1130 3588 29
1149 3550 1214 3588 nam

199 3608 244 3662 H¹
264 3613 268 3679 l
294 3606 557 3678 carthaginensibus
571 3607 607 3661 H
