2616 4048
460 186 570 243 LIBER
586 187 621 242 11.
649 183 725 244 GAP.
745 191 770 242 ὅ.
1079 185 1122 250 63

176 352 227 418 22.
252 351 343 417 Idem
366 349 546 433 Hannibal,
569 371 642 416 cum
666 350 751 414 inter
768 347 906 416 Fabium
930 349 1123 415 dictatorem

108 445 140 507 et
166 439 345 506 Minucium
373 439 568 525 magistrum
596 439 741 523 equitum
769 438 894 503 diuisus
922 441 1008 504 esset
1035 459 1122 504 exer-

107 531 188 596 citus
213 533 246 594 et
267 529 389 595 Fabius
417 528 643 595 occasionibus
672 527 858 612 inmineret,
881 526 1043 592 Minucius
1065 549 1122 612 pu·

107 618 227 705 gnandi
242 617 418 702 cupiditate
431 618 594 703 flagraret,
611 619 720 682 eastra
738 617 773 680 in
788 638 913 701 campo,
926 617 982 701 qui
997 615 1122 681 medius

106 708 191 773 inter
213 707 324 773 hostes
348 710 431 790 erat,
459 706 570 791 posuit
593 709 638 788 et,
667 725 739 770 cum
766 709 892 790 partem
920 704 1065 789 peditum
1086 705 1157 777 ins

107 795 309 882 confragosis
323 796 457 880 rupibus
472 795 619 879 celasset,
636 794 705 878 ipsc
720 792 761 860 ad
776 793 977 859 euocandum
992 793 1122 859 hostem

106 885 210 967 misit,
241 886 298 970 qui
325 884 510 969 proximum
537 884 699 949 tumulum
729 885 939 966 occuparent:
971 882 1012 947 ad
1040 903 1121 966 qnos

106 969 1122 1145 2211221111512221222133122ἳῆ

107 1151 269 1304 deqcssent
286 1149 408 1216 Minuci
427 1149 616 1234 exercitum,
636 1149 701 1214 nisi
718 1148 840 1214 Fabius
858 1148 1121 1232 periclitantibus
1142 1171 1175 1220 ιο

107 1259 146 1304 su
169 1240 321 1304 uenisset

174 1327 228 1394 23.
249 1325 339 1392 Idem
356 1325 538 1408 Hannibal,
561 1347 633 1392 cum
657 1326 698 1390 ad
716 1325 868 1390 Trebiam
891 1325 925 1390 in
947 1328 1122 1409 conspectu

107 1415 244 1482 haberet
267 1414 438 1499 Semproni
457 1413 564 1501 Longi
588 1414 729 1479 consulis
754 1420 873 1498 castra,
896 1414 1001 1481 medio
1026 1435 1122 1478 amne

107 1505 327 1587 interfluente,
350 1503 538 1588 saeuissime
561 1502 667 1568 hicme
691 1503 865 1589 Magonem
888 1507 921 1568 et
944 1504 1063 1569 electos
1087 1503 1122 1567 in

106 1594 234 1659 insidiis
257 1593 375 1678 posuit.
413 1592 527 1658 deinde
546 1589 706 1658 Numidas
726 1593 848 1677 equites
868 1593 909 1658 ad
929 1592 1120 1658 eliciendam
1142 1611 1173 1662 ro

107 1679 279 1766 Semproni
315 1682 537 1748 credulitatem
574 1681 762 1765 adequitare
794 1682 881 1747 uallo
915 1680 983 1746 eius
1016 1681 1122 1763 iussit,

107 1771 225 1856 quibus
244 1775 461 1855 praeceperat,
479 1774 517 1834 ut
535 1771 574 1835 ad
594 1771 735 1855 primum
749 1774 937 1837 nostrorum
956 1770 1122 1835 incursum

105 1880 164 1944 per
186 1863 265 1923 note
287 1858 475 1943 refugerent
497 1859 590 1926 uada.
635 1859 696 1925 hos
724 1859 838 1924 consul
861 1863 895 1923 et
917 1859 1052 1924 adortus
1075 1862 1122 1923 tc·

106 1967 194 2012 mere
218 1950 253 2011 et
273 1949 402 2011 secutus
424 1947 567 2011 ieiunum
591 1949 766 2012 exercitum
787 1948 821 2012 in
839 1947 981 2013 maximo
1000 1947 1122 2031 frigore

106 2035 248 2100 transitu
271 2033 414 2100 fluminis
435 2033 597 2118 rigefecit:
624 2057 700 2100 mox
722 2039 853 2119 torpore
879 2039 911 2101 et
934 2036 1042 2101 inedia
1065 2035 1120 2100 ad·
1140 2056 1174 2106 2ο

104 2123 201 2189 fectis
223 2121 390 2188 Hannibal
418 2144 513 2187 suum
540 2122 677 2187 militem
706 2124 872 2206 opposuit,
900 2145 995 2208 quem
1024 2123 1121 2188 adid

106 2211 238 2298 ignibus
265 2211 400 2295 oleoque
429 2214 462 2275 et
490 2210 564 2275 cibo
587 2209 727 2294 fouerat3
757 2233 817 2276 nec
844 2211 948 2277 defuit
973 2213 1122 2296 paulibus

105 2301 222 2386 Mago,
248 2301 328 2384 quin
350 2304 444 2384 terga
465 2298 610 2364 hostium
632 2299 667 2363 in
688 2297 751 2363 hoc
774 2298 941 2365 ordinatus
964 2300 1121 2365 caederet

176 2390 228 2455 24.
251 2388 342 2453 Idem
362 2389 403 2453 ad
416 2387 687 2470 Trasumennum,
709 2408 781 2452 cum
801 2391 872 2452 arta
891 2388 1049 2473 quaedam
1067 2388 1122 2452 uia

106 2479 215 2561 in<ter
237 2479 344 2544 lacum
369 2477 423 2562 et>
446 2476 570 2542 radices
598 2477 720 2542 montis
747 2475 782 2540 in
810 2496 942 2560 campos
970 2480 1121 2560 patentes
1141 2493 1174 2544 25

107 2566 248 2651 duceret,
261 2567 413 2632 simulata
430 2565 510 2651 fuga
527 2586 586 2650 per
603 2565 773 2650 angustias
792 2564 833 2630 ad
852 2567 999 2650 patentia
1017 2565 1122 2630 euasit

105 2655 216 2740 ibique
244 2659 351 2721 castra
378 2654 489 2740 posuit
516 2675 553 2720 ac
579 2659 674 2721 nocte
702 2653 870 2738 dispositis
898 2654 1060 2720 militibus
1090 2657 1123 2718 et

105 2764 166 2828 per
186 2744 309 2828 collem,
328 2744 385 2829 qui
402 2743 592 2828 inminebat,
614 2743 698 2808 etin
716 2744 873 2810 lateribus
896 2743 1122 2830 angustiarum

179 2993 196 3044 3
213 2985 374 3044 immineret
390 2989 420 3043 et
434 2987 469 3043 H
481 2989 485 3055 Ι
501 2992 518 3041 6
537 2987 695 3042 uocandum
708 2989 743 3043 Η
755 2993 760 3057 Ι
776 2994 792 3043 ‘1
811 2989 982 3056 occuparent
999 2989 1076 3056 (rent
1090 2989 1122 3042 ia

104 3075 164 3116 rue.
178 3061 266 3116 decem
278 3061 335 3126 sere
348 3060 400 3114 litt.
414 3059 444 3127 t)
459 3058 494 3113 H
506 3061 511 3128 Ι
530 3065 547 3113 9
566 3059 798 3114 consurrexerunt
814 3061 959 3124 (onsurrex
976 3059 1009 3113 ia
1021 3074 1076 3113 rus.
1090 3058 1121 3126 a)

106 3132 142 3188 H
155 3131 160 3200 Ι
177 3136 210 3186 10
228 3130 334 3185 manici
347 3130 382 3184 Η
384 3130 392 3160 ¹
415 3128 567 3185 municiit
589 3128 701 3184 minutii
716 3129 762 3195 ΡΙ
787 3134 818 3182 11
839 3128 1035 3185 subuenissent
1048 3128 1093 3184 H¹
1114 3129 1119 3201 Ι

106 3209 142 3258 13
157 3200 302 3273 symproni
316 3200 360 3256 H¹
384 3199 538 3270 sympronii
551 3199 626 3326 erq
637 3199 746 3255 medios
759 3199 795 3254 H
809 3205 873 3254 uate
886 3216 941 3256 ras.
958 3201 962 3269 Ι
984 3206 1018 3255 14
1035 3199 1122 3255 inter·

105 3275 214 3328 fluenta
222 3272 257 3327 H
269 3272 273 3343 Ι
289 3286 370 3342 geme
380 3270 424 3325 H¹
440 3273 444 3339 Ι
461 3275 494 3325 15
514 3269 608 3341 eligen
627 3287 674 3325 am
683 3271 718 3325 H
733 3269 919 3326 deliciandum
930 3271 959 3324 P
972 3272 977 3340 Ι
994 3277 1027 3326 la
1046 3288 1122 3342 sym·

104 3343 189 3415 proni
207 3343 242 3398 H
262 3342 413 3412 sempronii
431 3341 476 3408 ΡΙ
498 3348 531 3397 12
549 3344 691 3398 insecutus
709 3342 729 3397 d
744 3343 749 3412 Ι
769 3343 883 3396 ieonum
901 3341 953 3412 Hl
976 3347 1010 3397 22
1029 3342 1123 3398 iuerat

106 3415 151 3470 H¹
176 3419 181 3482 1
206 3420 241 3470 23
260 3414 310 3484 qui
326 3413 397 3480 ΗΡ,
414 3428 483 3469 corr.
501 3415 521 3468 d
544 3417 549 3482 Ι
576 3419 612 3468 24
629 3414 860 3482 thrasymennum
879 3412 944 3467 ΗΡ
965 3417 969 3477 Ι
994 3419 1029 3468 25
1047 3413 1123 3469 inter

105 3487 201 3542 lacum
220 3488 251 3540 et
267 3483 376 3540 radices
390 3483 492 3540 Hartel
509 3486 568 3541 coll.
582 3485 647 3540 Liu.
662 3487 742 3550 22,4
759 3482 790 3539 in
807 3482 916 3539 radices
928 3483 994 3539 ΗΡ
1008 3500 1060 3553 per
1077 3499 1121 3538 ra-

106 3557 185 3614 dices
202 3557 247 3612 acl
264 3555 294 3611 iu
312 3554 440 3611 radicsd
465 3557 470 3624 Ι
494 3560 529 3610 26
547 3555 657 3625 patenti
674 3555 710 3611 H
