2616 4048
184 211 249 268 XIV
583 209 799 268 PRAEFATIO.

184 377 215 458 2,
232 376 282 457 11,
297 377 326 439 6.
350 376 385 459 3,
399 377 433 456 4,
449 376 480 440 2.
503 375 537 458 3,
551 376 631 453 4,4.
655 375 690 457 3,
707 374 740 455 7,
755 373 784 438 5.
807 375 842 457 3,
859 373 913 455 12,
930 373 959 437 3.
983 373 1205 457 3,13,3-5.

185 466 215 546 3,
233 463 282 544 15,
297 464 326 528 2.
349 463 426 546 4,3,
442 464 492 528 10.
516 463 547 545 4,
562 464 591 547 7,
608 463 648 526 11
673 461 892 546 exemplisque
916 461 1066 546 genuinis
1088 464 1117 545 1,
1131 463 1161 546 2,
1172 464 1205 527 6.

187 553 278 634 1,11,
294 552 344 616 13.
364 552 394 635 2,
408 553 439 630 3,
455 552 483 615 7.
503 552 533 636 2,
548 551 577 632 5,
592 551 633 615 31
651 554 684 616 et
698 551 750 615 34.
770 552 800 634 2,
815 551 844 633 9,
858 552 888 615 2.
907 551 939 635 4,
954 550 983 633 5,
1000 550 1042 615 14
1059 550 1205 616 insertae

185 640 238 704 uel
266 640 409 704 adnexae
439 644 516 704 sunt
544 639 673 704 librarii
700 638 809 705 nescio
843 639 934 704 cuius
967 638 1204 705 adnotationes,
1293 677 1294 722 1

185 728 239 816 (cf.
264 727 364 792 etiam
387 728 474 792 infra
498 728 605 812 §13.)

252 815 376 882 Contra
403 817 458 882 uix
486 817 703 899 suspicionem
731 815 883 880 uidentur
911 815 1031 880 habere
1055 817 1205 900 exempla

186 904 1204 990 1,2,4.1,8,6.1,11,11-13.2,3,18.2,5,31.3,9,3.
1294 975 1295 984 ,

185 994 320 1078 4,1,14
342 1016 402 1059 neo
420 995 522 1058 uerba
542 994 750 1060 secundum
769 991 1015 1057 Homericum
1104 994 1206 1057 reci·
1294 987 1295 1001 ¹

183 1082 346 1165 piantur
373 1084 409 1166 2,
429 1084 463 1167 3,
481 1084 523 1147 21
558 1084 591 1147 11
620 1082 685 1148 sed
711 1119 749 1128 —
774 1081 949 1147 uictores
972 1082 1007 1165 2,
1022 1081 1056 1165 6,
1074 1082 1124 1146 10.
1162 1081 1203 1146 11.

186 1170 401 1248 Quaestiones
424 1193 494 1255 cap.
510 1170 570 1236 III.

252 1263 272 1340 ξ
289 1261 339 1325 10.
372 1258 539 1325 Nonnulla
553 1260 702 1344 exempla
721 1260 772 1324 bis
787 1258 908 1323 tradita
924 1261 1014 1341 sunt3
1034 1261 1068 1322 et
1083 1258 1204 1322 eisdem

184 1347 313 1431 quidem
336 1349 447 1413 uerbis
471 1349 611 1431 repetita
630 1349 732 1412 altero
756 1348 828 1413 loco
849 1350 925 1411 sunt
947 1346 1043 1411 haec:
1070 1348 1098 1423 1,
1113 1347 1144 1423 5,
1160 1348 1204 1411 12
1295 1351 1296 1358 ’

186 1435 1204 1519 =4,5,8;1,5‚13=1,1,11;1‚5,14=4‚5,9;1,5,

186 1523 1206 1608 15=4‚5,10;1,11‚3==4,5‚11;1,10,1==4‚7,6;

183 1614 215 1696 4,
229 1614 258 1698 7,
271 1614 418 1697 40=2,
432 1614 463 1696 4,
479 1613 534 1694 15,
558 1614 589 1691 4,
600 1614 629 1696 7,
643 1613 685 1676 41
702 1613 789 1695 =2,
804 1613 834 1692 4,
851 1612 905 1692 16,
928 1611 1041 1696 paucis
1066 1613 1202 1676 mutatis

186 1703 297 1766 eadem
316 1723 367 1766 res
385 1706 538 1765 narratur
554 1702 582 1783 1,
598 1702 629 1784 4,
644 1701 664 1765 9
680 1704 713 1764 11
729 1702 757 1782 1,
771 1702 801 1784 4,
816 1701 865 1782 9“,
890 1702 918 1785 1,
934 1701 964 1784 5,
980 1700 1112 1783 10113,
1127 1701 1204 1784 9,9;

187 1789 215 1874 1,
229 1790 260 1871 5,
274 1791 318 1854 24
338 1794 370 1854 11
385 1791 414 1870 2,
432 1791 482 1873 12,
496 1790 532 1874 4,
555 1791 586 1873 2,
600 1791 630 1871 8,
647 1791 687 1854 11
704 1791 781 1871 114,
798 1791 826 1871 1,
841 1790 899 1869 29,
923 1789 1054 1872 3,16,1
1076 1792 1109 1853 11
1126 1790 1157 1871 4,
1173 1790 1203 1872 7,

185 1879 243 1962 36,
268 1879 297 1958 3,
313 1879 342 1959 9,
358 1879 377 1942 6
395 1882 427 1942 et
441 1880 471 1958 3,
488 1879 587 1960 11,3,
611 1879 642 1960 4,
656 1878 771 1961 2,511
784 1880 815 1959 4,
829 1879 859 1960 2,
876 1879 904 1942 7.
932 1877 1202 1960 11011111111111

185 1988 257 2050 cap.
275 1966 319 2031 ΙΙ.

251 2057 271 2135 ξ
289 2056 339 2119 11.
371 2054 477 2119 Μ1111
491 2059 600 2119 autem
614 2053 792 2119 Frontinus
806 2054 853 2118 ita
867 2054 974 2136 refert,
993 2058 1030 2118 ut
1049 2076 1068 2119 a
1086 2055 1203 2119 ceteris

185 2144 399 2228 scriptoribus
415 2145 520 2228 magis
535 2145 685 2208 minusue
698 2143 882 2208 dissentiat:
897 2165 1009 2208 eorum
1019 2163 1098 2208 sane
1108 2165 1204 2227 quae·

185 2233 260 2297 dam
270 2233 478 2297 librariorum
493 2232 637 2298 incuriae
651 2232 829 2317 imputabis
841 2228 892 2316 (ut
902 2254 932 2315 p.
944 2231 1024 2307 54,9
1039 2232 1204 2297 rutilius

184 2342 244 2403 pro
267 2319 422 2407 111111),
445 2323 657 2405 praenomina
680 2321 796 2386 ducum
820 2321 959 2384 maxime
983 2320 1077 2385 initio
1097 2342 1202 2385 exem·

184 2411 310 2493 plorum
325 2410 434 2494 posita
449 2408 499 2496 (ut
514 2434 544 2494 p.
557 2411 607 2495 14,
619 2412 669 2475 17.
690 2410 741 2493 12,
751 2411 804 2474 21.
823 2407 1202 2494 82,11)1(111111111111111-

184 2499 293 2562 uerint
315 2521 357 2563 an
380 2500 427 2563 ita
450 2499 618 2584 reliquerit
641 2502 767 2577 auctor,
792 2498 953 2562 incertum
973 2500 1023 2562 est
1047 2496 1101 2580 (11.
1120 2499 1140 2578 5
1156 2496 1206 2582 2).

185 2585 247 2651 Sed
258 2587 510 2652 differentiarum
520 2590 586 2670 aut,
597 2587 624 2650 si
639 2587 753 2668 mauis,
767 2608 912 2650 errorum
922 2589 1033 2650 tantus
1047 2607 1201 2650 numerus

184 2679 293 2739 exstat
312 2697 384 2740 cum
404 2675 438 2738 in
457 2675 553 2739 rebus
574 2673 624 2759 (ut
638 2675 669 2758 2,
682 2675 714 2758 4,
729 2673 759 2739 5.
783 2675 813 2756 3,
827 2675 857 2758 4,
875 2676 902 2739 1.
926 2675 956 2757 3,
970 2675 1000 2757 9,
1015 2675 1045 2738 2.
1068 2675 1098 2757 4,
1110 2675 1139 2757 1,
1148 2675 1202 2740 38.

183 2763 219 2846 4,
239 2765 274 2845 1,
291 2764 344 2828 44.
372 2765 407 2846 4,
426 2764 460 2847 3,
480 2764 514 2844 6)
544 2767 615 2827 tum
647 2763 681 2826 in
713 2762 901 2828 nominibus
933 2762 1063 2827 traditis
1096 2762 1203 2846 (uelut

186 2852 214 2933 1,
228 2853 260 2934 2,
275 2853 303 2916 7.
329 2853 402 2932 1,4,
420 2854 446 2915 1.
474 2852 501 2934 1,
518 2853 569 2933 12,
582 2852 613 2915 3.
637 2851 668 2934 2,
683 2853 713 2936 2,
729 2853 757 2918 7.
781 2853 811 2933 2,
825 2852 857 2934 4,
873 2853 923 2915 12.
947 2852 1058 2934 2,5,7.
1080 2852 1111 2934 2,
1125 2850 1156 2933 5,
1171 2853 1202 2917 8.

183 2941 214 3024 2,
231 2943 259 3023 7,
275 2942 326 3005 11.
350 2942 379 3021 2,
394 2941 423 3022 8,
438 2943 467 3004 2.
492 2941 522 3024 2,
536 2941 566 3025 9,
581 2940 611 3004 6.
635 2939 666 3024 3,
680 2941 711 3024 3,
725 2942 755 3004 4.
784 2941 814 3025 3,
829 2940 859 3024 6,
874 2941 902 3006 7.
932 2940 962 3022 3,
978 2941 1007 3022 7,
1021 2941 1051 3005 4.
1081 2940 1111 3022 3,
1126 2940 1156 3024 9,
1170 2941 1202 3004 4.

184 3029 214 3112 3,
231 3030 281 3113 10,
295 3030 326 3093 4.
349 3031 380 3112 4,
394 3028 458 3108 5,1
485 3065 526 3074 -
550 3049 616 3093 non
639 3030 669 3110 3,
683 3030 714 3114 2,
730 3027 801 3113 11),
825 3033 862 3092 ut
884 3029 1027 3093 dubitari
1051 3032 1202 3111 nequeat,

184 3119 261 3200 quin
280 3119 349 3201 ipse
368 3119 466 3202 longe
480 3117 638 3201 plurimos
658 3118 858 3183 commiserit
877 3118 929 3182 uel
949 3121 1106 3200 auctores,
1122 3139 1201 3201 quo-

183 3228 256 3271 rum
271 3228 309 3270 ex
325 3206 419 3271 libris
438 3206 494 3270 illo
514 3207 661 3290 exempla
675 3207 818 3291 collegit.
849 3204 897 3270 Of.
912 3204 1043 3282 Quaest
1058 3227 1127 3290 cap.
1142 3204 1200 3270 IV.

252 3298 271 3375 ξ
298 3296 348 3360 12.
393 3292 475 3359 Cum
498 3295 633 3379 longum
658 3295 713 3377 sit,
739 3295 777 3359 de
801 3294 1030 3360 consuetudine
1054 3293 1201 3359 Frontini

183 3383 238 3448 hic
253 3405 358 3470 agere,
378 3383 605 3448 adnotationes
622 3385 778 3470 quasdam
797 3384 910 3467 paucis
926 3383 1023 3448 liceat
1036 3384 1201 3467 supplere:

184 3494 214 3555 p.
231 3473 316 3555 7,18
341 3475 383 3537 ut
403 3477 515 3538 contra
533 3495 629 3538 usum
647 3473 681 3536 in
698 3472 731 3537 P
747 3472 885 3556 additur,
903 3495 981 3537 nam
1000 3494 1072 3536 cum
1091 3471 1199 3536 uerbis

186 3562 322 3646 rogandi
343 3562 432 3627 solus
451 3562 677 3627 coniunctiuus
697 3562 850 3645 coniungi
864 3563 960 3647 11111,
984 3561 1024 3626 11.
1039 3583 1069 3644 p.
1086 3561 1198 3645 13,13.
