2642 4046
210 213 275 280 104
414 214 490 270 IULI
507 213 687 270 PRONTINI
705 214 1028 272 ereameulrou

209 399 271 464 que
293 377 360 462 his,
383 382 432 462 ut,
455 399 529 444 cum
551 377 788 462 processissent
809 378 979 463 oppidani,
1001 379 1092 463 ligna
1114 379 1228 445 umida

209 467 430 534 incenderent.
457 465 572 531 deinde
600 488 673 531 cum
700 465 824 552 reliqua
850 471 944 551 parte
971 468 1131 532 exercitus
1153 471 1229 535 luce

209 555 251 619 ad
284 555 457 620 eliciendos
489 555 601 620 hostes
629 577 820 640 progressus
853 555 1010 621 simulata
1040 557 1120 640 luga
1152 580 1225 643 per-

210 644 375 728 sequentis
403 643 584 729 oppidanos
615 644 747 729 longius
786 644 926 709 oedeudo
959 645 1130 728 protraxit.
1176 648 1226 712 iu·

174 733 383 799 tsidiatores
417 754 519 816 prope
556 734 686 799 moenia
723 734 921 818 imperatum
953 734 1064 818 ignem
1100 737 1228 800 aceruis

211 821 429 887 subiecerunt:
460 822 546 887 unde
569 823 720 888 ohortum
744 821 960 906 contemplati
980 822 1106 887 fumum
1128 823 1228 910 Agri·

210 909 338 995 gentiui
364 911 527 976 incensam
554 911 723 977 ciuitatem
752 933 846 976 suam
867 911 1150 997 existimauerunt,
1173 913 1227 978 de·

209 999 452 1084 fendeudaeque
474 1000 544 1064 cius
570 1001 680 1085 gratia
708 1000 787 1064 dum
809 999 936 1084 trepide
958 1006 1141 1085 recurrunt,
1169 1003 1226 1068 cb·

210 1089 272 1154 uiis
302 1089 350 1153 eis
381 1090 436 1174 qui
463 1088 610 1154 insidiati
637 1090 730 1153 iuxta
757 1109 869 1153 muros
902 1093 995 1154 erant
1031 1094 1066 1154 et
1089 1111 1109 1154 a
1130 1094 1227 1176 tergo

159 1194 192 1244 10
211 1178 412 1244 instantibus
445 1199 528 1262 quos
559 1178 721 1261 persecuti
753 1177 896 1262 fuerant,
926 1177 961 1243 iu
989 1179 1097 1243 medic
1127 1181 1226 1245 truci·

212 1267 280 1333 dati
302 1272 389 1332 eunt.

276 1356 308 1420 6.
340 1354 510 1420 Viriathus
538 1355 698 1440 disposito
725 1377 784 1440 per
811 1355 940 1421 occulta
968 1355 1074 1422 milite
1103 1378 1226 1442 paucos

210 1443 316 1526 misit,
339 1444 396 1529 qui
419 1443 590 1528 abigerent
611 1465 730 1529 pecora
753 1441 1054 1530 Segobrigensium:
1077 1446 1118 1510 ad
1141 1467 1226 1530 quae

210 1531 260 1597 illi
282 1531 476 1596 uindicanda
497 1553 572 1596 cum
594 1532 780 1616 frequentes
810 1534 1050 1619 procurrissent
1073 1534 1225 1599 simulau-

160 1636 193 1688 11
211 1624 327 1704 tesqua
353 1621 466 1706 fugam
494 1620 701 1704 praedatores
724 1626 1010 1706 persequerentur,
1039 1622 1169 1689 deducti
1191 1623 1225 1687 in

212 1709 347 1774 insidias
372 1710 519 1792 caesique
542 1715 627 1774 sunt.

280 1800 309 1863 7.
341 1796 501 1864 Scordisci
524 1799 664 1881 equites,
691 1820 765 1864 eum
787 1798 965 1864 Heracleae
993 1801 1132 1866 duarum
1153 1824 1228 1886 par·

210 1886 292 1952 tium
315 1885 477 1971 praesidio
501 1887 706 1972 praepositus
730 1893 816 1954 esset
838 1887 1009 1972 Lucullus,
1031 1910 1149 1974 pecora
1173 1891 1228 1954 ab·

158 2081 193 2131 20
211 1976 1146 2150 11111111111111111111111111
1150 1999 1229 2132 gii

212 2154 373 2219 duxerunt
396 2157 428 2218 et
452 2155 658 2238 octingentos
682 2176 754 2220 cum
778 2176 816 2220 eo
839 2156 959 2220 milites
982 2156 1178 2221 occiderunt.

279 2244 310 2308 8.
337 2240 460 2308 Chares
478 2243 542 2308 dux
557 2242 807 2308 Atheniensium
825 2244 994 2310 ciuitatem
1012 2244 1228 2329 adgressurus

212 2330 300 2396 litori
329 2332 526 2416 appositam,
553 2337 629 2416 pest
657 2333 815 2417 quaedam
842 2333 1070 2418 promunturia
1099 2334 1228 2399 occulte

211 2419 327 2485 habita
345 2421 458 2504 classe,
481 2443 499 2484 e
521 2421 659 2486 nauibus
678 2421 919 2486 uelocissimum
942 2426 1070 2505 praeter
1092 2422 1230 2488 hostilia

159 2525 194 2574 ae
211 2509 374 2594 praesidia
392 2509 440 2572 ire
458 2509 569 2574 iussit:
592 2531 657 2594 qua
671 2510 743 2574 uisa
761 2531 833 2575 curu
852 2511 961 2575 omnia
979 2509 1120 2596 nauigia,
1144 2533 1230 2596 quae

212 2618 272 2681 pro
290 2597 439 2662 custodia
456 2601 571 2682 portus
590 2599 742 2682 egebant,
765 2598 806 2663 ad
823 2599 1079 2683 persequendam
1103 2601 1229 2665 euolas·

213 2689 299 2768 seut,
327 2682 449 2750 Chares
478 2685 680 2751 indefensum
708 2691 841 2772 portum
870 2709 943 2753 cum
974 2687 1100 2772 reliqua
1124 2687 1230 2754 classe
1303 2695 1304 2699 ’

212 2774 360 2838 inuectus
383 2774 482 2838 etiam
506 2773 673 2840 ciuitatem
697 2776 876 2861 occupauit.

285 3018 364 3074 lhis
379 3020 414 3075 H
429 3019 469 3075 eis
486 3019 537 3090 ΡΙ
562 3020 689 3090 aprime
706 3021 768 3076 luce
787 3023 831 3104 dl
855 3020 950 3077 luceat
972 3021 1117 3092 eligendos
1136 3023 1188 3080 111
1212 3033 1231 3079 4
1302 3039 1303 3049 ¹

213 3091 353 3148 cedendos
372 3092 407 3147 Η
419 3092 424 3160 Ι
441 3097 457 3146 5
476 3091 585 3146 acerbis
604 3091 702 3161 H¹Pl
719 3097 752 3146 12
770 3091 897 3147 Vinctus
910 3093 956 3160 ΡΙ
974 3099 1006 3148 13
1026 3093 1154 3150 abierant
1171 3095 1206 3150 Η
1226 3096 1229 3164 Ι

213 3161 453 3230 secobrigeutium
480 3161 564 3218 H¹P
586 3161 817 3232 eetchrigentium
834 3165 867 3230 lr,
890 3180 959 3218 corr.
983 3166 1002 3219 d
1031 3168 1036 3232 Ι
1065 3165 1103 3218 ad
1120 3169 1231 3234 quaed

214 3234 300 3301 etque
317 3233 352 3288 H
356 3235 383 3287 P
398 3235 402 3302 Ι
420 3239 453 3288 14
471 3234 710 3304 procucurrissent
726 3232 766 3288 P:
783 3235 819 3302 cf.
835 3251 865 3303 p.
885 3238 929 3300 ⁶9,
948 3238 973 3292 3.
993 3239 1038 3302 79,
1056 3237 1098 3305 21
1116 3239 1149 3290 16
1167 3253 1231 3306 per-

214 3306 366 3372 sequentur
388 3305 433 3359 Η1
462 3305 703 3375 persequunturlr
732 3307 736 3371 Ι
766 3310 800 3359 11
818 3306 956 3360 madae
974 3307 1019 3360 Η1
1045 3305 1231 3380 haeracleelr

213 3374 358 3430 aeracleac
368 3375 414 3446 ΡΙ
430 3376 553 3445 partium
563 3377 597 3430 H
600 3376 628 3431 P
643 3374 800 3430 cohortium
809 3375 1003 3447 stamheim!
1021 3383 1054 3432 19
1070 3376 1231 3432 simulantis

213 3445 277 3510 11¹1
294 3451 328 3500 20
346 3445 377 3500 iu
395 3447 530 3501 lucullum
548 3448 578 3502 in
592 3446 656 3518 11¹}
681 3452 717 3501 23
737 3448 930 3516 promontoria
944 3449 982 3518 le!
1007 3455 1041 3504 26
1057 3464 1229 3519 persequen-

213 3516 281 3572 dam
292 3518 335 3643 ἆῐ
337 3518 365 3571 Ρ
382 3519 607 3587 persequendum
626 3520 665 3588 dl
691 3523 725 3574 11
745 3533 824 3574 caree
843 3520 872 3575 P
887 3521 960 3575 clam
978 3520 1014 3576 H
1026 3523 1030 3589 Ι
1054 3523 1084 3574 iu
1102 3519 1231 3575 indefen

212 3604 274 3642 sum
