2642 4046
379 211 491 268 LIBER
508 211 556 268 111.
585 211 662 268 cAP.
684 219 797 268 11-13.
1031 212 1094 277 107

81 400 218 495 saeuum
240 375 482 462 increpantibus
511 374 651 462 ‘qualem
678 374 810 460 inueni’,
832 376 953 463 inquit,
983 373 1095 440 ‘talem

77 468 206 646 rehldl
226 555 471 642 Epaminondas
495 552 668 619 Thebanus
696 554 782 619 idem
809 554 926 620 iecisse
953 552 1094 635 dicitur]

153 765 226 821 xm.
253 763 302 820 Da
321 761 535 820 ΕΜΠΤΕΝΒΟ
554 763 603 819 ΕΤ
622 762 845 819 REGIPIENDO
864 762 1018 819 NUNTIO.

150 913 178 977 1.
211 909 365 994 Romani,
388 909 516 975 obsessi
537 908 573 974 in
588 907 760 993 Capitolio,
783 908 825 973 ad
843 906 1018 975 Camillum
1041 931 1095 974 au·
1115 924 1131 975 o

80 999 160 1068 xilio
182 999 411 1085 inplorandam
444 998 602 1062 miserunt
624 996 780 1066 Pontium
803 995 999 1078 Cominium,
1033 999 1097 1083 qui,

80 1093 120 1154 ut
133 1091 291 1155 stationes
307 1086 476 1153 Gallorum
494 1085 631 1164 falleret,
652 1107 711 1170 per
730 1108 808 1151 saxa
825 1085 964 1170 Tarpeia
982 1085 1097 1152 demis·

82 1199 139 1242 sus
162 1179 292 1242 tranato
316 1176 425 1240 Tiberi
447 1173 546 1240 Veios
569 1175 719 1260 peruenit
742 1179 775 1240 ct
796 1178 985 1258 perpetrate
1007 1176 1097 1262 lega-

8 1303 10 1350 ,
80 1267 170 1330 tione
194 1265 345 1330 similiter
367 1262 409 1328 ad
432 1284 507 1328 suos
530 1263 634 1329 rediit.

8 1355 9 1370 ¹
150 1354 180 1420 2.
208 1349 381 1437 campani,
409 1351 579 1438 diligenter
602 1350 758 1418 Romanis
787 1352 946 1436 aquibus
970 1353 1096 1420 obsessi
1116 1371 1149 1421 1ο

84 1445 178 1506 erant
191 1442 355 1508 custodias
377 1441 559 1525 agentibus,
582 1440 742 1525 quendam
756 1462 816 1526 pro
830 1441 1002 1527 transfuga
1022 1442 1096 1508 sub·

82 1533 233 1596 ornatum
264 1531 439 1614 miserunt,
471 1529 527 1615 qui
559 1529 757 1595 occultatam
789 1530 899 1596 balteo
923 1531 1097 1614 epistulam

78 1619 216 1772 {qurenta
243 1619 419 1705 effugiendi
448 1619 573 1700 [causa]
601 1619 771 1684 occasione
802 1620 843 1684 ad
871 1618 998 1685 Poenos
1026 1642 1096 1705 per-

130 1709 165 1774 it
405 1767 408 1770 .

148 1797 192 1879 [3.
209 1795 387 1862 Venationi
405 1817 532 1881 quoque
546 1799 580 1860 et
592 1795 765 1880 pecoribus
779 1795 911 1881 qnidam
925 1796 1095 1863 innuerunt
1115 1815 1148 1865 15

79 1885 207 1951 litteras
231 1883 427 1950 membranis
449 1883 631 1969 mandatas,

146 1975 177 2039 4.
210 1973 312 2058 aliqui
334 1976 368 2038 et
388 1973 534 2038 iumento
562 1972 597 2036 in
629 1994 777 2038 auersam
809 1977 936 2057 partem
963 1973 1095 2039 infulse-

79 2067 171 2146 runt,
194 2064 269 2127 dum
293 2061 450 2126 stationes
472 2064 659 2144 transeunt3

144 2151 175 2218 5.
201 2150 351 2216 nonnulli
373 2149 529 2214 interiora
552 2149 746 2234 uugiuarum
769 2150 1027 2234 inscripserunt]

150 2239 180 2304 6.
211 2239 247 2305 L.
273 2237 438 2320 Lucullus,
461 2235 639 2321 Cyzicenos
668 2238 820 2303 obsessos
854 2260 875 2302 a
901 2237 1148 2307 Mithridatem

81 2330 120 2391 ut
157 2326 312 2392 certiores
350 2325 510 2390 aduentus
548 2324 600 2390 sui
635 2325 772 2405 faceret,
813 2349 887 2391 cum
922 2326 1094 2411 praesidiis

83 2415 228 2480 hostium
245 2417 411 2480 teneretur
424 2413 579 2479 introitus
594 2413 694 2497 urbis,
713 2414 769 2498 qui
787 2437 870 2481 unus
885 2419 918 2481 ct
937 2420 1094 2502 angustus

80 2507 183 2588 ponte
215 2503 342 2569 modico
374 2502 515 2568 insulam
548 2502 729 2568 continenti
760 2503 882 2589 iungit,
909 2504 1047 2569 militem
1078 2526 1095 2569 e

154 2736 168 2785 1
188 2748 303 2787 saeuum
322 2747 356 2786 ec
374 2747 489 2786 saeuom
511 2731 660 2786 corrccmit
681 2732 745 2801 ipsa
763 2731 809 2786 11¹
827 2750 866 2787 aa
881 2734 917 2799 b,
933 2734 1068 2788 inscium
1089 2731 1093 2805 l

78 2809 97 2858 3
116 2805 266 2873 anaplum
284 2803 419 2858 alicuem:
441 2803 477 2870 of.
491 2803 582 2872 praef.
641 2805 674 2868 9;
696 2805 849 2873 insequenti
866 2805 897 2859 id
914 2804 1003 2873 capiti
1019 2805 1096 2860 uelut

73 2876 201 2944 primum
219 2875 369 2944 canopicon
387 2875 485 2928 tribuit
503 2872 568 2940 H¹l
612 2873 789 2941 piminondas
807 2875 948 2930 thebanus
967 2875 1002 2930 H

152 2949 169 3000 ὅ
188 2946 292 3000 auxilio
305 2960 356 3000 cos
369 2946 405 3000 ab
420 2943 505 2999 exilio
516 2943 579 2998 ΗΡ
594 2943 633 2998 ad
646 2944 783 2999 auxilium
795 2947 815 3000 d
833 2945 957 3001 exsulem
972 2946 1074 3001 Hartel
1089 2946 1093 3017 l

77 3015 117 3072 ad
136 3015 250 3071 Camilli
268 3014 403 3070 auxilium
421 3014 459 3069 ab
478 3014 578 3069 exsilio
595 3015 666 3070 Ded.
687 3018 691 3080 Ι
712 3021 728 3069 6
748 3016 899 3071 cominium
917 3019 936 3072 d
954 3016 1097 3072 cuminum

79 3087 184 3143 OHP:
198 3085 233 3154 cf.
243 3087 309 3142 Liu.
320 3092 346 3154 5,
356 3090 428 3150 4⁶38
443 3089 448 3157 l
465 3085 695 3142 idemissusedd.
715 3085 846 3142 dimissus
856 3087 891 3142 H
894 3088 923 3140 P
936 3090 941 3156 Ι
959 3093 991 3142 11
1006 3092 1096 3142 trans·

75 3157 162 3228 fugas
182 3154 349 3227 (transfugis
362 3159 392 3225 h)
413 3157 580 3212 oberratum
594 3156 630 3212 Η
650 3158 655 3224 Ι
682 3162 714 3211 12
734 3156 883 3226 epistolam
898 3158 934 3212 H
946 3160 950 3228 Ι
972 3163 1005 3213 13
1024 3157 1096 3213 etiu-

77 3229 178 3300 gisndi
190 3230 226 3284 H
243 3231 247 3296 Ι
267 3244 352 3283 causa
364 3228 400 3282 H
419 3244 519 3284 musae
536 3228 572 3295 P,
590 3229 679 3283 deleta
696 3229 756 3283 edd.
775 3243 791 3281 e
809 3227 907 3283 castris
928 3229 998 3284 Oud.
1023 3230 1096 3284 clam

77 3301 182 3356 Hurtcl
197 3300 202 3370 Ι
219 3304 252 3355 15
267 3300 388 3368 moola
402 3303 474 3354 3-5
492 3299 586 3354 aliena
598 3304 676 3353 sicot:
694 3299 729 3366 cf.
740 3299 832 3368 praef.
846 3298 868 3371 §
882 3303 914 3368 9,·
931 3302 1011 3356 nuuc
1024 3303 1097 3356 iuter

78 3389 113 3428 ea
126 3371 269 3427 distinctio
285 3373 318 3425 in
331 3370 384 3438 Hl
402 3370 552 3425 ueuabone
565 3369 603 3424 H
605 3370 640 3436 P,
657 3385 728 3424 corr.
747 3371 786 3440 dl
805 3369 983 3426 inseruerunt
1000 3374 1039 3441 dl
1063 3377 1096 3426 16

79 3441 222 3498 mandatis
239 3441 286 3496 H¹
310 3443 315 3511 Ι
341 3447 374 3496 1'1
398 3439 505 3509 aliquid
525 3441 560 3496 H
586 3449 590 3506 Ι
619 3441 744 3496 iumento
764 3441 843 3496 Stesc
861 3442 1018 3498 iumentum
1036 3443 1100 3499 ΗΡ

78 3513 269 3569 iumentorum
280 3513 351 3567 Ded.
367 3515 372 3580 Ι
389 3527 516 3567 euersam
529 3513 549 3567 d
566 3528 697 3566 auersum
705 3512 740 3567 H
755 3513 902 3568 aduermm
912 3515 941 3568 P
953 3516 958 3585 1
974 3520 1008 3568 20
1023 3515 1096 3584 cyzi-

82 3600 183 3640 censos
201 3583 247 3638 H¹
271 3586 276 3652 Ι
299 3588 333 3638 23
352 3581 451 3654 ponte]
469 3584 584 3652 potente
603 3583 639 3638 H
