2452 3952
118 154 162 219 34
325 153 401 210 IULI
418 152 597 210 FRONTINI
616 152 940 209 STRATEGEMATON

118 317 176 383 dro
201 317 285 383 dari:
309 339 389 402 quas
413 339 486 382 cum
510 304 598 382 i'eour
617 317 758 382 calidum
780 317 945 400 rapuisset
967 319 1002 381 et
1020 339 1040 382 a
1059 339 1138 405 rege

117 406 219 471 militi
251 412 338 471 esset
369 409 552 490 ostensum,
584 406 675 471 auxit
705 405 851 470 animum
877 408 1046 489 tamquam
1077 407 1138 474 deo

120 495 299 578 spondente
322 494 506 576 uictoriam.

187 582 251 665 [15.
275 582 364 648 Idem
384 583 461 648 fecit
480 581 616 648 Sudines
635 582 798 666 haruspex
816 582 975 666 proelium
988 582 1137 651 Eumene

82 689 191 739 eoum
215 671 320 737 Gallis
343 672 581 752 commissura]

186 762 237 827 16.
267 761 511 846 Epaminondas
539 759 712 825 Thebanus
741 759 895 825 aduersus
919 759 1136 828 Lacedaemo·

117 849 203 933 nios,
240 850 392 915 fiduciam
424 870 557 914 suorum
589 847 748 932 religione
780 848 999 914 adiuuandam
1031 854 1138 931 ratus,

118 960 209 1003 arma
238 960 319 1022 quae
348 941 546 1005 ornamentis
576 937 682 1002 adfixa
708 938 743 1001 in
766 938 897 1021 templis
920 941 1014 1002 erant
1037 943 1137 1005 nocte

118 1027 281 1093 subtraxit
304 1027 530 1112 persuasitque
553 1026 712 1091 militibus
735 1025 812 1091 deos
836 1027 899 1090 iter
917 1049 1012 1094 suum
1032 1028 1137 1113 sequi,

66 1134 97 1183 10
117 1121 153 1180 ut
176 1117 411 1200 proeliantibus
434 1117 514 1201 ipsis
538 1114 698 1180 adessent.
1008 1122 1015 1139 '

185 1205 235 1272 17.
263 1205 437 1289 Agesilaus
461 1203 751 1288 Lacedaemonius,
778 1224 851 1268 cum
874 1204 1031 1287 quosdam
1056 1203 1133 1271 Per-

113 1315 226 1357 sarum
244 1294 397 1379 cepisset,
421 1315 558 1377 quorum
576 1292 708 1357 habitus
727 1292 865 1356 multum
884 1294 1020 1359 terroris
1039 1316 1135 1379 prae·

115 1381 192 1459 fert,
225 1382 375 1465 quotiens
408 1385 498 1446 ueste
529 1381 666 1464 tegitur,
698 1380 838 1445 nudatos
871 1381 1030 1447 militibus
1064 1384 1135 1449 suis

115 1470 269 1553 ostendit,
283 1474 320 1534 ut
337 1470 412 1534 alba
430 1491 567 1552 corpora
585 1473 618 1533 et
635 1469 818 1535 umbratica
837 1474 1134 1537 contemnerentur.

64 1578 96 1626 ro
184 1559 233 1624 18.
271 1557 351 1623 Gelo
385 1555 619 1641 Syracusarum
651 1562 806 1642 tyrannus
839 1558 925 1623 bello
959 1559 1133 1625 aduersum

115 1647 241 1713 Poenos
265 1650 429 1731 suscepto,
454 1668 526 1712 cum
550 1647 671 1711 multos
695 1648 848 1731 cepisset,
870 1647 1132 1715 infirmissimum

115 1757 274 1820 quemque
301 1736 473 1820 praecipue
501 1735 585 1818 (ex)
614 1735 840 1818 auxiliaribus,
873 1736 928 1818 qui
960 1737 1134 1822 nigerrimi

2 1864 6 1875 ·
115 1827 221 1909 erant,
252 1825 406 1889 nudatum
434 1824 468 1888 in
496 1828 704 1909 conspectum
733 1846 866 1889 suorum
894 1824 1063 1910 produxit,
1095 1830 1135 1892 ut

114 1913 322 1997 persuaderet
346 1914 606 1979 contemnendos.

61 2019 95 2068 20
185 2002 233 2068 19.
257 2000 361 2086 Cyrus
380 2023 436 2067 rex
454 2003 640 2086 Persarum,
663 2008 700 2067 ut
719 2001 899 2067 concitaret
922 2001 1049 2067 animos
1072 2025 1133 2087 po-

114 2090 293 2174 pularium,
325 2094 397 2156 tota
429 2091 480 2155 die
512 2092 547 2154 in
580 2091 754 2155 excidenda
786 2090 871 2155 silua
903 2091 1041 2175 quadam
1074 2114 1133 2157 eos

115 2179 282 2264 fatigarit3
306 2179 421 2244 deinde
444 2178 600 2264 postridie
624 2178 789 2261 praestitit
812 2179 859 2243 eis
881 2179 1131 2246 liberalissimas

115 2274 225 2352 epulas
249 2272 282 2333 et
303 2268 531 2353 interrogauit,
554 2273 628 2332 utro
646 2267 752 2350 magis
771 2267 956 2352 gauderent.
992 2288 1131 2354 cumque

114 2356 144 2421 ei
167 2357 350 2440 praesentia
372 2358 579 2442 probassent,
603 2354 706 2440 ‘atqui
729 2376 786 2438 per
809 2354 909 2439 haec',
933 2357 1052 2442 inquit,
1077 2357 1130 2423 ‘ad

61 2463 93 2511 se
113 2446 171 2510 illa
193 2446 446 2529 perueniendum
469 2448 531 2509 est:
561 2466 637 2509 nam
661 2444 757 2508 liberi
779 2445 932 2528 beatique
955 2466 1040 2530 esse,
1063 2446 1130 2512 nisi

114 2533 225 2598 Medos
248 2534 407 2617 uiceritis,
430 2555 495 2597 non
517 2530 682 2616 potestis':
716 2537 812 2617 atque
835 2533 883 2597 ita
902 2554 956 2598 eos
976 2533 1018 2598 ad
1041 2535 1130 2620 cupi·

113 2622 247 2687 ditatem
271 2623 387 2706 proelii
409 2621 595 2687 concitauit.

180 2711 233 2776 20.
256 2711 291 2775 L.
306 2710 408 2794 Sulla,
432 2709 508 2795 quia
530 2709 684 2776 aduersus
708 2709 904 2776 Archelaum
928 2710 1130 2794 praefectum

185 2891 202 2939 4
220 2886 369 2954 euemplum
387 2886 520 2940 alienum:
543 2886 578 2953 cs.
594 2886 684 2954 praes.
704 2885 725 2957 ἕ
743 2891 761 2942 9
785 2890 789 2949 Ι
819 2883 937 2940 Sudines
958 2885 1075 2942 Gasaub.
1095 2904 1131 2943 ea

112 2956 243 3028 Polyaen.
258 2960 347 3021 4‚20;
366 2957 401 3022 cf.
411 2955 501 3011 Strcb.
514 2960 586 3024 16,6
603 2956 700 3026 yuides
710 2956 791 3025 HP1
807 2972 911 3026 auspex
921 2956 957 3010 H
958 2956 992 3024 P,
1006 2959 1107 3013 carad
1122 2957 1128 3029 Ι

113 3034 129 3083 5
147 3026 344 3081 commissuros
362 3026 459 3096 H¹1e
477 3025 687 3096 Epimanondas
706 3027 757 3095 ΗΙ
774 3033 790 3081 9
809 3028 884 3082 inter
902 3027 946 3081 H¹
963 3031 966 3094 Ι
992 3032 1023 3081 11
1044 3045 1129 3097 qnas-

112 3099 178 3153 dam
192 3097 227 3151 H
239 3100 243 3166 Ι
259 3096 401 3169 pflssarum
420 3099 503 3166 (duae
521 3100 573 3154 litt.
592 3103 697 3166 erasae)
711 3098 761 3165 ΗΙ
779 3102 811 3151 12
831 3098 988 3167 coepissent
1004 3102 1036 3164 (n
1052 3103 1130 3168 esp.)

111 3169 147 3222 H
159 3172 163 3236 Ι
179 3167 325 3223 habitatus
339 3168 374 3223 H
387 3176 451 3224 uate
468 3186 524 3225 ras.
541 3174 546 3238 Ι
561 3169 669 3240 profert
683 3169 725 3222 H:
746 3186 785 3223 un
804 3166 914 3224 offert?
930 3172 935 3239 Ι
952 3175 986 3224 14
1004 3169 1128 3225 etsmne·

111 3242 207 3294 rentur
217 3239 258 3307 H,
275 3241 461 3296 sedaturus.
476 3242 494 3295 b
513 3240 723 3296 contemnerent
740 3240 800 3293 edd.
817 3241 822 3307 Ι
844 3244 876 3294 15
896 3255 1091 3310 syracusorum
1101 3241 1133 3296 P

112 3313 369 3380 syracusanorumd
382 3313 440 3368 coll.
447 3316 576 3380 p.27,25
592 3314 596 3380 Ι
614 3317 690 3366 ltex
697 3311 814 3379 suppar
830 3313 834 3379 Ι
852 3316 885 3366 18
896 3311 1128 3380 conspectumH,

111 3383 157 3437 sed
175 3400 202 3435 m
222 3383 358 3452 expunxit
375 3388 400 3437 et
418 3384 501 3438 ausit
519 3384 624 3449 eodem,
646 3387 677 3436 ut
695 3381 764 3447 uid,
781 3398 881 3437 monus
899 3386 1054 3451 conspectu
1073 3383 1126 3455 ΡΙ

111 3458 340 3522 superroratam
358 3455 390 3509 H
407 3459 471 3510 uate
488 3469 543 3509 ras.
570 3456 575 3522 Ι
600 3458 632 3508 21
652 3451 799 3508 excitanda
818 3453 853 3508 H
871 3455 876 3522 Ι
901 3459 937 3509 24
953 3453 993 3508 eis
1012 3454 1046 3507 H
1062 3459 1131 3510 ante

110 3540 165 3579 ras.
187 3527 191 3594 Ι
214 3529 248 3579 28
268 3526 341 3595 sylla
354 3524 419 3580 ΗΡ
