2616 4048
420 211 529 267 LIBER
548 213 581 266 ll.
610 211 688 268 CAP.
709 218 785 266 1-2.

266 425 301 481 Π.
329 425 377 480 Da
396 424 490 481 LOCO
509 425 558 480 AD
577 424 733 480 PUGNAM
751 423 946 480 ELIGENDO.

167 558 195 619 1.
218 552 270 618 Μ’.
286 550 412 636 Curius,
431 554 508 637 quia
526 552 682 638 phalangi
700 553 787 638 regis
807 552 924 636 Pyrrhi
943 552 1115 637 explicitae

89 642 208 711 resisti
226 664 292 707 non
315 664 412 727 posse
431 641 726 726 animaduertebat,
748 641 836 707 dedit
856 662 1001 726 operam,
1024 645 1062 705 ut
1080 641 1115 704 in

91 731 260 818 angustiis
289 731 492 816 confligeret,
520 730 577 795 ubi
605 730 752 796 conferta
776 730 935 815 sibiipsa
958 731 1114 795 essetin·

90 821 294 909 pedimento.
1133 834 1148 884 5

165 911 196 975 2.
220 907 278 974 On.
293 907 465 992 Pompeius
484 907 523 972 in
533 905 740 992 Cappadocia
758 907 858 992 elegit
872 909 987 972 eastris
1006 908 1114 974 locum

93 1001 234 1066 editum:
257 997 341 1062 unde
365 995 539 1062 adiuuante
563 996 700 1081 procliui
723 996 879 1080 impetum
903 997 1045 1061 militum
1068 996 1114 1060 fa-

92 1089 158 1155 cile
181 1088 254 1172 ipso
278 1087 412 1152 decursu
434 1084 662 1150 Mithridatem
686 1085 862 1170 superauit.

165 1178 197 1243 3.
219 1173 255 1240 Ο.
269 1173 390 1240 Caesar
407 1175 564 1239 aduersus
579 1173 780 1238 Pharnacem
793 1172 994 1238 Mithmdatis
1011 1173 1115 1237 filium

94 1265 311 1330 dimicaturus
335 1264 370 1326 in
392 1263 473 1328 colle
496 1263 653 1328 instruxit
676 1263 791 1347 aciem3
816 1281 968 1346 quaeres
989 1260 1167 1346 expedi-10

95 1359 169 1418 tam
193 1351 222 1415 ei
241 1352 411 1416 uictoriam
429 1351 522 1417 fecit:
545 1373 622 1416 nam
641 1352 709 1436 pila
728 1372 767 1417 ex
787 1351 873 1416 edito
892 1352 926 1415 in
946 1349 1114 1415 subeuntis

97 1442 258 1507 barbaros
282 1439 401 1505 emissa
422 1441 570 1525 protinus
594 1462 649 1506 eos
674 1442 872 1506 auerterunt.

165 1531 196 1595 4.
223 1528 375 1595 Lucullus
400 1530 554 1595 aduersus
576 1528 802 1595 Mithridatem
827 1533 859 1594 et
883 1527 1057 1612 Tigranem
1081 1527 1115 1590 in

96 1619 253 1684 Armenia
266 1619 389 1684 maiore
403 1619 488 1704 apud
503 1619 770 1704 Tigranocertam
784 1617 1006 1700 dimicaturus,
1021 1616 1113 1681 collis

93 1708 236 1796 proximi
258 1708 394 1793 planum
417 1707 573 1773 uerticem
595 1709 716 1793 raptim
740 1728 813 1772 cum
832 1711 926 1792 parte
945 1706 1113 1789 copiarum
1134 1721 1166 1771 15

93 1797 246 1881 adeptus,
274 1797 308 1861 in
336 1796 499 1862 subiectos
528 1795 639 1862 hostes
669 1796 848 1863 decucurrit
877 1798 910 1861 et
934 1795 1114 1878 equitatum

93 1905 209 1950 eorum
229 1907 248 1949 a
265 1884 367 1948 latere
390 1886 524 1950 inuasit:
549 1906 761 1970 auersumque
785 1889 818 1950 et
841 1883 1015 1949 eorundem
1039 1904 1113 1966 pro·
1207 1935 1209 1940 .

92 1973 184 2037 tinus
199 1972 322 2124 peffiee
337 1973 585 2056 proturbantem
601 1974 764 2040 insecutus
784 1973 998 2039 clarissimam
1012 1973 1113 2036 uicto·

94 2061 182 2126 riam
204 2081 239 2125 re
290 2060 325 2124 it.

165 2149 196 2214 5.
227 2147 399 2213 Ventidius
427 2148 582 2212 aduersus
611 2148 748 2215 Parthos
776 2171 843 2215 non
871 2154 947 2215 ante
975 2148 1113 2213 militem
1134 2166 1167 2214 20

95 2237 227 2320 eduxit,
263 2257 361 2319 quam
392 2235 443 2299 illi
476 2236 661 2320 quingentis
692 2259 758 2302 non
791 2239 931 2323 amplius
963 2237 1113 2321 passibus

95 2325 267 2408 abessent,
299 2327 396 2407 atque
427 2323 473 2387 ita
505 2326 713 2408 procursione
747 2325 856 2390 subita
888 2325 968 2392 adeo
998 2347 1031 2390 se
1059 2325 1113 2390 ad-

96 2411 218 2496 mouit,
252 2415 291 2476 ut
323 2411 480 2496 sagittas,
513 2412 630 2496 quibus
663 2435 702 2477 ex
733 2412 913 2498 longinquo
946 2436 1023 2479 usus
1055 2419 1113 2497 est,

93 2499 278 2567 comminus
297 2499 470 2584 adplicitus
490 2500 647 2566 eluderet:
670 2524 733 2587 quo
753 2503 901 2585 consilio,
921 2503 996 2586 quia
1016 2525 1114 2588 quan·

93 2591 172 2656 dam
209 2591 309 2655 etiam
342 2588 478 2654 fiduciae
516 2592 655 2675 speeiem
693 2594 930 2675 ostentauerat,
967 2592 1114 2658 celeriter
1132 2608 1166 2658 25

92 2677 254 2745 barbaros
278 2676 465 2744 debellauit.

117 2795 122 2800 ·
164 2767 193 2832 6.
217 2766 384 2833 Hannibal
408 2768 493 2852 apud
516 2767 761 2835 Numistronem
785 2773 899 2836 eontra
922 2731 1112 2835 Marcellum
1193 2777 1195 2780 ’

93 2859 302 2942 pugnaturus
325 2877 424 2922 cauas
447 2861 480 2921 et
503 2862 695 2943 praeruptas
718 2859 791 2924 uias
815 2858 935 2925 obiecit
959 2859 1112 2923 aletere:
1201 2859 1210 2883 ⁰

168 3018 184 3066 2
203 3013 240 3069 M.
259 3013 331 3082 ΗΡ,
350 3029 420 3070 corr.
440 3013 510 3070 Ouo.
528 3015 533 3082 Ι
554 3014 716 3086 phalangae
734 3017 763 3072 P
780 3017 785 3088 Ι
803 3015 882 3086 pyrri
900 3016 951 3082 ΡΙ
977 3019 993 3066 3
1012 3011 1112 3067 resiste

94 3083 195 3149 11114
213 3084 395 3150 consertadl
412 3090 426 3139 7
446 3085 572 3154 procliue
583 3085 627 3156 ΡΙ
644 3087 791 3141 Bdeeurso
805 3087 841 3141 H
851 3088 856 3153 Ι
873 3083 1115 3139 mithridantenO

93 3153 278 3208 mithtidante
292 3154 327 3209 H
346 3159 410 3209 onte
427 3171 482 3210 rae.
504 3157 508 3225 Ι
533 3160 566 3209 10
584 3154 717 3210 instruxit
736 3189 769 3196 -
788 3172 832 3211 res
854 3172 905 3213 om.
925 3155 990 3224 H¹l
1011 3160 1044 3209 13
1059 3153 1111 3208 Lu·

93 3223 176 3280 culus
190 3224 226 3279 H
240 3229 304 3280 aare
316 3240 386 3280 corr.
402 3226 407 3294 Ι
424 3224 597 3282 mitridatem
611 3227 647 3282 H
661 3227 845 3282 mithridaten
858 3228 903 3295 Pl
920 3227 1050 3297 tigranen
1065 3227 1109 3298 ΡΙ

96 3302 129 3352 1⁷
150 3296 354 3362 aduersumque
367 3295 420 3364 Hl
439 3295 568 3366 protinus
587 3313 650 3352 ooe:
668 3298 703 3364 cf.
718 3314 749 3367 p.
769 3302 848 3364 42,9
866 3300 977 3368 partem
996 3299 1031 3353 H
1070 3315 1111 3352 ar-

94 3367 148 3422 tim
162 3367 191 3420 Ρ
206 3366 313 3447 pariter
327 3365 406 3420 θύεν),
423 3371 427 3432 Ι
448 3367 599 3422 eorundem
613 3369 725 3438 partem
738 3367 866 3438 peditum
881 3370 940 3424 edd.
960 3315 1112 3424 earundem

96 3439 221 3508 partium
238 3436 348 3506 pedites
365 3441 560 3506 templariorum
579 3445 661 3494 antea
679 3439 738 3495 coll.
753 3455 784 3508 p.
803 3443 850 3505 32,
864 3444 921 3504 19!
943 3438 1111 3508 perturban-

94 3509 190 3564 temd
210 3511 215 3576 Ι
239 3513 274 3564 20
288 3507 384 3576 partos
398 3507 434 3561 H
449 3509 454 3576 Ι
478 3514 512 3564 21
532 3507 614 3565 duxit
627 3509 678 3578 ΗΙ
695 3508 864 3579 quingentos
883 3510 919 3565 H
933 3516 996 3565 ante
1014 3526 1083 3566 corr.
1103 3510 1107 3580 Ι

95 3583 132 3634 23
150 3595 216 3634 usuc
236 3581 326 3648 (prior
344 3596 362 3632 u
380 3578 412 3632 io
429 3595 485 3634 ras.
504 3581 623 3634 doarium
641 3580 697 3646 fere
716 3582 767 3636 zor.
786 3582 815 3648 h)
835 3581 870 3636 H
