2616 4048
190 213 235 277 40
395 213 471 268 IULI
488 211 665 268 saonam
686 213 1011 271 STRATEGEMATON

190 375 368 442 dictatores
395 373 715 461 Carthaginiensium
743 376 862 444 cotidie
894 382 970 442 ante
1002 377 1074 461 ipsa
1101 381 1207 444 muni·

190 469 301 530 menta
331 463 555 530 Romanorum
587 464 766 552 dirigerent
802 466 921 550 aciem,
958 468 1075 552 exigua
1105 490 1206 534 manu

189 552 316 619 leuibus
348 553 481 618 adsidue
507 553 642 638 proeliis
673 576 734 638 pro
762 554 852 620 uallo
879 555 1062 621 resistebat
1107 579 1207 643 quam

188 641 455 708 consuetudinem
473 645 703 708 contemnente
720 644 787 708 iam
805 643 931 728 Poeno,
948 645 1082 729 reliquis
1101 648 1206 711 omni-

153 731 249 796 tbus
279 752 339 814 per
366 731 508 816 quietem
534 732 622 796 intra
649 733 773 797 uallum
801 733 1020 818 praeparatis,
1047 756 1087 798 ex
1114 756 1206 800 more

187 819 326 903 pristino
349 841 423 885 cum
445 821 557 904 paucis
586 822 783 886 sustentauit
808 821 978 887 incursum
1003 821 1205 888 aduersario-

186 930 261 973 rum
289 931 328 974 ac
350 909 447 974 solito
476 909 597 975 diutius
626 908 779 975 detinuit:
808 910 924 994 quibus
952 910 1101 996 fabgatis
1128 915 1208 997 post

187 1000 315 1062 sextam
341 997 457 1063 horam
485 1002 518 1062 et
545 998 611 1063 iam
639 1020 674 1062 se
701 998 946 1084 recipientibus,
977 1001 1037 1082 [et]
1062 1021 1134 1066 cum
1157 1001 1206 1066 in·
1234 1055 1236 1058 .

187 1084 259 1151 edia
291 1109 420 1173 quoque
452 1086 658 1170 laborarent,
689 1107 747 1171 per
779 1092 925 1153 recentes
958 1111 1035 1156 suos
1066 1089 1208 1175 hostem,

135 1190 282 1260 laquem
305 1175 472 1260 praedicta
493 1176 750 1262 profligauerant
771 1175 990 1260 incommoda,
1013 1177 1153 1262 fugauit.

253 1264 284 1328 5.
307 1263 490 1349 Iphicrates
509 1264 731 1349 Atheniensis,
752 1265 828 1349 quia
847 1265 1074 1350 explorauerat
1090 1267 1206 1332 ecdem

187 1351 321 1416 adsidue
343 1357 492 1437 tempore
514 1352 626 1418 hostes
650 1353 759 1418 eibum
783 1374 910 1438 capere,
933 1355 1092 1420 maturius
1115 1357 1205 1420 uesci

187 1461 263 1504 suos
294 1441 391 1505 iussit
417 1444 450 1505 et
477 1440 589 1506 eduxit
614 1443 650 1505 in
678 1442 781 1507 aciem
813 1464 1045 1528 egressumque
1076 1445 1205 1509 hostem

186 1528 233 1592 ita
266 1526 418 1611 detinuit,
449 1532 487 1593 ut
514 1529 543 1594 ei
570 1550 674 1614 neque
702 1530 898 1616 confligendi
929 1552 1035 1616 neque
1063 1532 1206 1598 abeundi

135 1632 168 1681 15
186 1615 280 1682 daret
315 1616 514 1682 facultatem.
558 1617 713 1684 inclinato
747 1618 861 1684 deinde
892 1621 959 1686 iam
992 1621 1044 1686 die
1074 1622 1206 1688 reduxit

186 1726 263 1770 suos
287 1709 322 1770 et
342 1705 556 1772 nihilominus
578 1707 613 1771 in
637 1709 735 1772 armis
757 1709 902 1776 retinuit.
938 1709 1070 1796 fatigati
1091 1710 1204 1776 hostes

185 1814 252 1859 non
276 1795 417 1860 statione
440 1797 546 1880 magis
570 1817 668 1880 quam
685 1797 795 1861 inedia
814 1799 928 1863 statim
948 1797 988 1862 ad
1007 1819 1117 1864 curam
1135 1819 1206 1864 cor-

186 1883 275 1966 poris
308 1885 341 1947 et
370 1883 479 1948 cibum
512 1885 705 1969 capiendum
737 1885 989 1952 festinauerunt:
1021 1887 1205 1971 Iphicrates

185 1992 297 2035 rursus
337 1970 448 2038 eduxit
484 1977 517 2038 et
553 1973 763 2058 incompositi
798 1974 905 2041 bostis
942 1976 1115 2062 adgressus
1152 1981 1207 2042 est

133 2073 166 2123 20
186 2065 302 2125 castra.

255 2148 283 2213 6.
316 2148 421 2234 Idem,
453 2171 527 2215 cum
559 2149 714 2216 aduersus
746 2151 1021 2218 Lacedaemonios
1053 2153 1204 2236 pluribus

186 2235 299 2302 diebus
319 2243 427 2305 castra
444 2238 626 2305 comminus
649 2238 786 2304 haberet
805 2243 838 2304 et
856 2244 991 2324 utraque
1008 2263 1085 2325 pars
1104 2243 1203 2307 certis

184 2328 387 2410 temporibus
403 2326 535 2393 adsidue
553 2327 748 2412 pabulatum
762 2329 989 2414 lignatumque
1001 2329 1204 2415 procederet,

186 2415 327 2498 quodam
345 2417 397 2482 die
414 2417 558 2482 militum
575 2416 691 2482 habitu
709 2438 821 2482 seruos
844 2418 990 2502 lixasque
1014 2418 1138 2484 dimisit
1161 2419 1203 2484 ad

131 2517 165 2566 aa
184 2525 333 2589 munera,
350 2504 471 2569 milites
489 2505 638 2570 retinuit:
661 2509 695 2568 et
712 2527 786 2570 cum
803 2505 916 2572 hostes
936 2508 1074 2591 dispersi
1093 2511 1205 2573 essent
1293 2519 1294 2528 ’

185 2591 227 2656 ad
251 2593 371 2658 slmilia
394 2614 542 2677 munera,
565 2593 765 2678 expugnauit
787 2597 896 2659 castra
918 2617 1030 2661 eorum
1048 2597 1202 2661 inermes-

184 2701 246 2762 que
278 2701 352 2744 cum
383 2680 547 2746 fasciculis
577 2682 700 2764 passim
727 2681 769 2747 ad
795 2684 973 2749 tumultum
1000 2688 1203 2751 recurrentes

184 2767 279 2832 facile
302 2771 360 2832 aut
382 2769 500 2834 occidit
523 2774 580 2834 aut
603 2769 697 2854 cepit.

253 2857 281 2920 7.
313 2855 489 2943 Verginius
522 2859 635 2923 consul
667 2859 703 2923 in
730 2858 874 2940 Volscis,
906 2882 979 2927 cum
1012 2882 1221 2945 procurrere.

131 2960 164 3010 30
182 2943 295 3010 hostes
318 2945 417 3010 effuse
441 2968 480 3011 ex
502 2946 683 3032 longinquo
707 2947 859 3034 uidisset,
882 2951 1046 3034 quiescere
1069 2972 1145 3016 suos
1164 2973 1202 3017 ac

183 3052 397 3062 ——-.

258 3091 272 3138 1
294 3084 424 3140 ductores
440 3084 511 3142 oca.
528 3088 533 3153 Ι
549 3086 819 3156 carthagmiensium
835 3088 936 3153 (altera
953 3088 965 3142 i
982 3091 1132 3158 emunda)
1147 3089 1184 3145 H
1196 3089 1201 3162 Ι

183 3160 200 3208 4
219 3155 422 3212 consuetudine
439 3157 475 3211 H
491 3157 495 3225 Ι
516 3163 533 3212 5
551 3156 626 3212 inter
643 3157 696 3226 ΗΙ
722 3163 738 3212 8
757 3160 786 3212 et
804 3159 893 3214 deleta
912 3177 975 3214 cum
993 3162 1023 3215 et
1041 3161 1101 3217 edd
1122 3162 1128 3230 Ι
1153 3175 1202 3214 cu·

182 3225 284 3281 maeda
302 3226 338 3280 H
352 3233 416 3283 cate
433 3243 502 3283 corr.
529 3230 533 3297 Ι
559 3233 575 3282 9
594 3227 715 3284 recentis
734 3229 779 3295 ΡΙ
806 3235 839 3284 13
860 3232 1063 3302 aggressusque
1082 3233 1110 3287 P
1132 3233 1137 3302 Ι
1168 3235 1203 3286 14
1295 3243 1296 3256 ¹

181 3296 307 3351 habendi
325 3296 361 3350 H
381 3300 386 3364 Ι
418 3303 450 3354 17
469 3297 573 3354 maaca
591 3299 661 3366 H¹l
687 3305 720 3354 19
738 3315 832 3354 rursus
852 3317 916 3356 suos
932 3290 1079 3370 Eussner}
1103 3317 1203 3357 mecn-

183 3365 404 3440 spectullllpositi
423 3372 490 3437 (eon
507 3373 627 3438 erasum)
647 3371 682 3424 H
702 3372 707 3439 Ι
731 3375 765 3424 23
789 3370 967 3442 ligatumque
985 3373 1031 3426 H¹
1055 3376 1060 3441 Ι
1089 3379 1123 3428 25
1147 3372 1203 3430 dis·
1295 3417 1296 3436 ,

181 3438 258 3508 persi
276 3441 369 3494 essent
382 3441 415 3496 d:
433 3441 467 3507 cs.
480 3458 510 3510 p.
526 3444 621 3507 42,28
644 3441 844 3510 dispersissent
856 3443 892 3497 H
906 3443 1025 3514 dispersi
1046 3443 1136 3500 issent
1149 3445 1178 3500 P
1196 3444 1200 3516 l

182 3508 451 3638 ddaiddmdllulad
465 3515 530 3637 lhsso
548 3511 637 3566 effusa
655 3513 700 3580 H,
718 3515 826 3569 correxi
844 3514 947 3570 effusos
960 3515 1007 3583 ΡΙ
1023 3514 1143 3572 uidisset
1161 3515 1203 3584 H,
