2642 4046
437 211 547 266 nisan
564 210 613 267 111.
643 209 719 267 one.
741 216 853 266 10-11.
1014 193 1016 199 “
1090 211 1154 276 105

205 375 236 440 9.
269 374 373 441 Barca
396 375 461 439 dux
483 374 666 440 Poenorum
689 375 723 438 in
747 371 859 440 Sicilia
880 372 1073 458 Lilybaeum
1096 395 1152 438 no·

139 463 215 530 stris
238 468 329 530 terra
356 463 501 549 marique
530 463 755 528 obsidentibus
785 467 913 548 partem
938 463 1051 528 classis
1076 484 1152 527 suae

138 553 252 637 procul
283 556 442 618 armatam
475 553 571 618 iussit
599 553 740 618 ostendi:
772 552 814 616 ad
843 553 914 617 eius
945 555 1153 636 conspectum

138 663 211 707 eum
239 642 423 708 euolassent
450 641 574 724 nostri,
605 643 675 726 ipse
703 640 836 727 reliquis
864 641 1003 725 quasin
1027 641 1154 706 occulto

138 734 288 796 tenuerat
309 731 449 796 nauibus
472 730 622 814 Lilybaei
644 734 777 815 portum
800 730 980 814 occupauit.
1174 744 1190 794 5

330 923 378 979 XI.
406 922 455 976 DE
474 920 726 977 SIMULATIONE
745 919 963 978 haeraeses

208 1036 237 1097 1.
269 1031 450 1098 Phormion
473 1031 537 1095 dux
560 1030 820 1116 Atheniensium,
842 1052 915 1095 cum
939 1028 1153 1114 depopulatus

139 1125 225 1187 esset
254 1141 351 1206 agros
380 1117 661 1203 Chalcidensium,
692 1119 808 1205 legatis
839 1139 952 1183 eorum
982 1118 1020 1182 de
1052 1139 1090 1181 ea
1120 1139 1155 1180 re

139 1211 348 1293 querentibus
370 1209 512 1294 benigne
534 1207 704 1292 respondit
727 1210 759 1271 et
782 1210 894 1290 nocte,
919 1229 984 1292 qna
1007 1205 1155 1270 dimissu·

139 1319 196 1362 rus
221 1297 402 1381 illuserat,
432 1296 527 1360 finxit
548 1296 677 1361 litteras
701 1295 765 1361 sibi
789 1295 1012 1379 superuenisse
1035 1295 1155 1359 ciuium
1175 1311 1208 1360 10

141 1407 283 1469 suorum,
306 1390 441 1470 propter
463 1407 544 1470 quas
567 1385 765 1449 redeundum
787 1385 933 1452 haberet.
961 1405 998 1448 ac
1021 1384 1154 1468 paulum

139 1495 307 1560 regressus
335 1473 459 1539 dimisit
494 1474 639 1558 legatos:
669 1473 722 1538 his
750 1473 860 1538 omnia
886 1476 960 1538 tuta
987 1476 1021 1537 et
1047 1472 1154 1537 abisse

138 1562 369 1628 Phormionem
396 1563 674 1641 renuntiantibus,
703 1559 932 1628 Chalcidenses
961 1583 1018 1647 spe
1042 1565 1075 1626 et
1098 1561 1155 1625 ob·
1229 1583 1233 1610 ἰ

138 1652 228 1718 latae
250 1651 464 1718 humanitatis
493 1655 527 1717 et
555 1651 685 1717 abducti
714 1653 873 1717 exercitus
904 1649 1040 1716 remissa
1063 1651 1153 1714 urbis
1231 1610 1239 1686 A

139 1739 294 1824 custodia,
310 1763 382 1806 cum
397 1741 569 1808 confestim
583 1740 756 1805 Phormion
772 1740 969 1818 reuertisset,
983 1739 1154 1822 prohibere
1174 1752 1207 1803 1⁶
1234 1685 1243 1814 l

139 1831 396 1914 inexspectatam
418 1831 486 1894 uim
508 1851 575 1895 non
598 1832 784 1913 potuerunt.

206 1919 237 1985 2.
269 1918 442 2004 Agesilaus
466 1917 530 1983 dux
552 1916 890 2000 Lacedaemoniorum,
913 1938 987 1981 cnm
1010 1915 1155 1980 Phocen-
1180 1973 1185 1982 .

141 2029 193 2072 ses
223 2007 385 2072 obsideret
413 2009 446 2070 at
475 2005 689 2071 intellexisset
713 2027 780 2088 eos,
812 2005 866 2088 qui
893 2009 971 2070 tunc
993 2002 1154 2087 praesidio

140 2095 208 2160 illis
232 2099 342 2178 erant,
365 2095 431 2159 iam
454 2095 587 2178 grauari
609 2093 686 2158 belli
709 2091 926 2177 incommoda,
953 2092 1086 2178 paulum
1108 2113 1155 2156 re·

140 2204 272 2268 gressus
304 2186 474 2266 tamquam
511 2181 551 2246 ad
584 2182 666 2248 alios
694 2185 785 2246 actus
817 2180 953 2245 liberam
985 2179 1155 2244 recedendi
1173 2195 1208 2245 ao

142 2271 343 2337 occasionem
366 2270 417 2336 his
445 2269 546 2335 dedit:
573 2291 639 2336 non
666 2270 770 2335 multo
794 2273 868 2353 post
897 2268 999 2333 milite
1021 2267 1154 2333 reducto

142 2359 316 2424 destitutos
339 2359 523 2424 Phocenses
547 2359 721 2442 superauit.

210 2448 241 2513 3.
272 2446 458 2512 Alcibiades
478 2448 633 2513 aduersus
647 2447 835 2531 Byzantios,
858 2447 914 2530 qui
933 2467 967 2510 se
987 2444 1155 2510 moenibus

141 2536 361 2620 continebant,
384 2536 518 2602 insidias
538 2536 698 2622 disposuit
716 2539 749 2600 et
767 2535 922 2600 simulato
941 2555 1090 2619 regressu
1107 2533 1154 2596 in·

142 2629 254 2691 cantos
279 2647 334 2690 eos
358 2625 529 2709 oppressit.
1173 2635 1208 2686 at

208 2715 238 2780 4.
270 2711 451 2796 Viriathus,
473 2736 548 2778 eum
565 2713 666 2779 tridui
684 2714 746 2778 iter
765 2711 931 2778 discedens
955 2709 1155 2792 confecisset,

141 2801 227 2869 idem
250 2801 331 2868 illud
348 2824 416 2867 uno
435 2803 486 2868 die
509 2824 675 2867 remensus
699 2823 828 2867 securos
845 2799 1098 2886 Segobrigenses
1123 2802 1155 2864 et

142 2892 300 2958 sacrificio
325 2913 397 2956 cum
421 2893 560 2956 maxime
584 2895 758 2975 occupatos
782 2891 954 2976 oppressit

215 3090 230 3138 1
250 3085 360 3140 Barcha
378 3085 413 3140 H
429 3086 434 3154 Ι
459 3092 474 3139 ‘1
493 3083 624 3140 Formica
642 3083 677 3138 H
680 3083 707 3136 P
719 3081 726 3154 Ἰ
747 3086 765 3136 8
783 3080 1003 3136 oalelridenaium
1020 3079 1104 3148 HPl
1124 3095 1154 3134 re

142 3157 324 3225 querentibus
342 3157 361 3210 d
379 3171 409 3211 re
429 3155 627 3224 quaerentibus
646 3153 682 3208 H
694 3149 903 3220 requirentibus
919 3151 949 3205 P
962 3152 967 3219 Ι
982 3157 998 3205 9
1019 3149 1155 3205 demissu-

142 3243 189 3282 τοι
203 3225 255 3294 H!
278 3233 312 3281 11
327 3242 360 3281 ac
374 3243 422 3280 om.
434 3227 499 3295 H¹l
526 3231 559 3280 11
577 3225 671 3293 ἰίεΡΙ
697 3228 730 3277 13
747 3223 922 3293 phormonen
940 3221 975 3276 H
987 3221 1155 3276 sermionem

142 3299 189 3365 ΡΙ
204 3296 396 3353 calchidenses
406 3297 442 3352 H
451 3295 623 3352 calcidensar
633 3295 678 3364 Pl
695 3296 756 3366 spe]
770 3294 826 3348 fide
839 3293 1014 3348 Woctsmott
1028 3295 1033 3361 Ι
1051 3298 1084 3347 15
1098 3291 1154 3346 for·

141 3366 221 3424 mion
239 3368 324 3433 ΗΡΙ
346 3374 379 3423 1‘1
398 3367 566 3436 Hogesilaus
584 3367 620 3421 H
635 3367 640 3438 Ι
660 3367 789 3422 lucenses
804 3364 841 3432 P,
858 3366 923 3418 itm
937 3365 1019 3431 infra
1039 3366 1043 3433 1
1061 3369 1093 3418 19
1112 3364 1154 3417 in-

145 3440 291 3495 commodo
310 3439 356 3509 ΡΙ
375 3443 411 3492 20
429 3437 544 3494 liberari
562 3437 704 3492 recidendi
721 3436 757 3490 H
772 3438 778 3503 Ι
795 3441 830 3489 ⁴21
849 3433 886 3489 iis
902 3435 933 3489 P
950 3438 955 3501 1
975 3439 1010 3488 28
1028 3433 1154 3504 ynntios

144 3510 214 3578 ΗΡ,
231 3527 302 3566 corr.
320 3510 379 3564 edd.
396 3512 400 3574 Ι
416 3514 452 3563 24
469 3524 612 3578 regressus
629 3507 665 3564 H
677 3511 681 3577 Ι
701 3512 736 3562 26
754 3507 814 3562 eins
832 3506 867 3560 Η
877 3508 884 3575 Ι
904 3511 939 3560 26
959 3504 1081 3560 Viriatus
1102 3504 1130 3557 P
1146 3503 1152 3575 t

145 3587 179 3638 2⁷
199 3597 311 3637 securus
326 3581 371 3650 ΡΙ
391 3585 426 3635 28
444 3581 505 3634 tum
523 3582 553 3634 P
578 3581 639 3634 tum
657 3595 721 3633 cum
737 3579 813 3635 cdd:
831 3578 867 3645 εἰ.
881 3593 911 3647 p.
931 3582 978 3644 80,
993 3581 1031 3632 14
