2642 4046
387 193 498 251 alana
514 193 563 248 111.
591 193 669 249 cAP.
689 199 803 250 ra-ra.
1037 193 1100 260 109

85 358 169 442 set),
188 359 270 424 alios
289 359 432 424 excitans
447 357 633 424 constantia
651 357 800 424 fallaciae
815 379 893 422 suae
906 379 964 441 per
977 356 1102 422 medias

88 446 240 513 Caesaris
263 447 373 531 copias
396 446 595 532 praesidium
617 446 752 531 Pompei
775 446 969 512 transduxit.

156 539 187 602 2.
218 534 403 602 Hannibale
429 536 596 602 obsidente
620 533 813 620 Casilinum,
831 534 971 602 Romani
993 534 1045 603 far
1067 533 1103 598 in

88 624 186 692 doliis
209 626 350 690 secunda
373 646 457 711 aqua
475 624 629 690 Volturni
654 624 797 690 fluminis
820 624 1044 706 demittebant,
1066 628 1104 688 ut

89 714 132 779 ab
156 713 299 779 obsessis
322 715 529 799 exciperetur.
563 714 680 798 quibus
707 736 781 779 cum
809 714 939 780 obiecta
959 735 1018 797 per
1038 722 1138 778 rna-t

89 802 181 868 dium
204 825 332 869 amnem
356 809 471 870 catena
489 802 657 867 Hannibal
675 803 868 886 obstitisset,
890 823 988 868 nuces
1012 823 1103 885 spar-

89 913 174 957 sere:
203 914 287 976 quae
315 914 388 958 cum
411 914 497 976 aqua
523 890 647 956 ferente
676 891 717 956 ad
739 891 894 977 oppidum
917 891 1104 973 defluerent,

91 1001 130 1046 eo
154 986 337 1046 commeatu
360 981 523 1047 sociorum
545 978 775 1046 necessitatem
799 982 1073 1045 sustentauerunt

156 1070 186 1135 3.
214 1069 345 1134 Hirtius
372 1068 612 1135 Mutinensibus
641 1067 784 1132 obsessis
815 1068 856 1132 ab
879 1067 1024 1132 Antonio
1054 1089 1104 1132 sa·

88 1158 172 1238 lem,
207 1178 271 1241 quo
304 1157 446 1222 maxime
478 1157 689 1241 indigebant,
725 1156 817 1240 cupis
850 1155 1018 1222 conditum
1047 1177 1105 1240 per
1125 1167 1158 1216 10

7 1263 9 1288 ἰ
90 1267 221 1310 amnem
245 1243 454 1311 Scultennam
476 1245 661 1310 intromisit

7 1289 9 1380 i
159 1335 190 1399 4,
218 1333 307 1399 Idem
322 1355 441 1418 pecora
455 1334 595 1400 secunda
608 1355 695 1419 aqua
712 1332 851 1417 demisit,
875 1355 957 1418 quae
970 1338 1106 1418 excepta

7 1471 10 1598 p
94 1426 363 1488 austentunarnnt
384 1423 642 1490 necessariorum
665 1423 820 1506 inopiam.

138 1669 198 1724 xv.
229 1666 522 1734 onuuauuonuu
540 1665 766 1736 arsurumne,
786 1666 833 1722 ur
851 1666 1052 1724 mannaan

321 1755 551 1826 mensurna,
571 1756 670 1824 oum
690 1756 871 1814 nnaauur.
1125 1769 1159 1818 ra

161 1922 190 1986 1.
222 1917 379 2002 Romani,
401 1942 475 1985 cum
499 1942 519 1984 a
543 1918 646 1986 Callis
671 1917 868 2004 Capitolium
893 1917 1107 2002 obsideretur,

92 2010 128 2074 in
151 2012 295 2075 extrema
327 2008 394 2073 iam
425 2007 513 2072 fame
541 2030 658 2092 panem
681 2008 715 2072 in
744 2007 874 2074 bostem
903 2008 1108 2073 iactauerunt

93 2098 330 2180 consecutique,
345 2099 382 2160 ut
401 2094 567 2160 abundare
587 2096 821 2162 commeatibus
842 2095 1036 2178 uiderentur,
1052 2095 1107 2160 ob·

93 2186 260 2266 sidionem,
284 2184 386 2250 donec
408 2181 569 2252 Camillus
593 2184 789 2268 subueniret,
811 2184 1043 2249 tolcrauerunt.

162 2273 205 2354 [2.
237 2271 456 2338 Athenienses
481 2272 635 2338 aduersus
654 2272 927 2338 Lacedaemonios
950 2274 1037 2339 idem
1059 2273 1108 2337 fe·
1126 2290 1161 2340 2ο

93 2363 176 2427 cisse
199 2359 370 2442 dicuntur]

162 2450 192 2514 3.
224 2448 279 2533 Hi,
301 2450 358 2534 qui
376 2449 417 2514 ab
438 2449 623 2515 Hannibale
642 2447 777 2515 Casilini
797 2449 1041 2528 obsidebantur,
1065 2448 1106 2514 ad

94 2541 272 2603 extremam
299 2537 419 2603 famem
443 2539 630 2622 peruenisse
653 2538 782 2623 crediti,
814 2560 887 2603 cum
911 2539 1011 2603 etiam
1033 2538 1106 2602 har-

93 2629 151 2693 bas
184 2627 348 2692 alimentis
381 2649 495 2692 eorum
518 2626 703 2712 Hannibal,
731 2631 823 2692 arato
852 2628 922 2692 loeo
954 2627 1009 2710 qui
1038 2632 1108 2691 erat

8 2771 9 2805 ,
92 2717 178 2782 inter
199 2720 309 2782 castra
331 2716 434 2801 ipsius
457 2719 490 2782 et
513 2718 654 2801 moenia,
682 2718 898 2800 praeriperet,
922 2717 1048 2780 semina
1070 2717 1105 2780 in
1125 2734 1162 2782 aa

9 2827 10 2846 ἢ
88 2809 320 2892 praeparatum
342 2806 450 2870 locum
468 2805 624 2888 iecerunt,
647 2805 827 2889 consecuti,
850 2809 887 2870 ut
908 2804 1029 2870 habere
1053 2805 1100 2868 ui-

168 3005 183 3052 1
203 2999 274 3053 alios
294 2998 460 3054 Perizonius
487 2997 597 3066 aliquos
615 2996 680 3052 ΗΡ
705 3000 710 3065 Ι
740 2995 865 3052 excitans
882 2998 982 3066 scripsi
1001 2995 1110 3052 enitens

94 3069 176 3138 ΗΡΙ
192 3075 209 3122 2
227 3069 354 3124 traduxit
367 3070 387 3124 d
401 3070 406 3135 Ι
422 3075 438 3124 3
458 3067 608 3123 casilinum
622 3069 641 3123 d
662 3066 810 3122 catilinam
823 3067 905 3137 ΗΡΙ
921 3067 965 3122 lar
982 3067 1013 3120 in
1028 3068 1110 3123 Zecle

97 3141 204 3196 maner
222 3142 281 3195 coll.
301 3139 367 3196 Idu.
382 3144 524 3208 23,19,8
550 3139 624 3195 latin
641 3138 677 3196 H
699 3137 820 3194 farinam
840 3140 868 3192 P
886 3140 891 3207 l
916 3143 933 3192 4
951 3137 1036 3194 doliis
1050 3140 1110 3194 edd.

94 3211 184 3266 doleis
193 3210 267 3265 ΗΡ.Ι
286 3211 321 3278 cf.
332 3228 362 3280 p.
377 3215 471 3277 2410
487 3214 491 3281 Ι
507 3208 665 3265 uulturnib
680 3214 684 3273 Ι
707 3209 890 3264 dimittebant
903 3209 938 3264 Η
940 3209 974 3277 P,
992 3211 1091 3266 cosmi
1106 3211 1110 3282 Ι

94 3287 111 3336 t
126 3281 261 3353 obsessis]
277 3297 366 3336 sesses
376 3281 420 3335 Ηι
435 3284 440 3351 1
457 3287 472 3336 9
492 3280 615 3352 Hirtius]
632 3280 721 3336 Huius
732 3280 766 3333 H
778 3283 783 3349 1
801 3286 833 3334 11
849 3278 1030 3336 Scultennam
1041 3281 1111 3337 Occi.

95 3369 129 3408 ca
142 3357 169 3420 3,
179 3358 226 3420 13,
235 3357 253 3408 7
271 3355 432 3408 santernum
441 3353 474 3408 H
492 3353 664 3407 samtarnum
674 3353 703 3406 P
716 3355 721 3420 Ι
739 3357 771 3407 12
786 3367 902 3420 pecoras
912 3352 947 3406 H
956 3359 1020 3410 aas
1033 3370 1088 3409 rua.
1106 3353 1109 3424 l

96 3423 206 3479 dimisit
223 3424 260 3481 Η
275 3426 279 3494 l
306 3429 339 3478 13
358 3426 568 3479 sustentauarat
586 3423 630 3478 Η1
653 3424 917 3479 sustentauerantb

127 3517 138 3536 ν
168 3500 201 3550 16
220 3511 238 3549 a
256 3511 306 3550 om.
326 3493 370 3548 H¹
394 3497 399 3564 Ι
424 3493 579 3564 capitolum
598 3495 643 3549 Ηι
668 3497 673 3563 l
697 3499 732 3549 20
750 3496 901 3563 caeoeplum
918 3496 1053 3552 uenum:
1076 3496 1112 3563 cf.

92 3569 185 3636 precs.
205 3565 259 3638 §9
279 3567 283 3636 Ι
307 3571 342 3620 22
361 3565 487 3622 cassilini
501 3565 546 3635 Pl
570 3571 605 3621 26
622 3565 698 3622 iutra
712 3565 747 3622 Η
760 3567 764 3635 Ι
784 3565 826 3638 in]
845 3564 919 3622 inter
937 3565 981 3622 Η1
