2616 4048
180 209 225 274 54
384 179 997 264 11111011111111111111101

180 371 335 440 aduersus
354 371 537 438 obstinatos
552 368 715 436 Samnites
733 373 951 454 concurreret,
968 369 1198 454 ignorantibus

181 461 248 526 suis
269 459 437 545 «praecepit
456 457 575 544 Spurio
593 457 728 542 Nautio,
752 461 789 524 ut
811 458 908 542 pauci
930 458 1037 524 alares
1062 463 1095 524 et
1118 480 1199 546 aga-

181 571 275 614 sones
296 549 394 614 mulis
417 547 597 614 insidentes
615 569 788 633 ramosque
812 567 871 631 per
888 550 1010 613 terram
1028 547 1197 613 trahentes

179 659 200 702 a
219 636 301 703 colle
319 641 509 702 transuerso
528 657 649 722 magno
668 636 811 702 tumultu
830 635 1046 702 decurrerent.
1077 636 1197 721 quibus
1301 645 1302 674 Ι

145 743 160 792 t
179 727 362 810 prospectis
385 725 602 809 proclamauit
623 725 781 792 uictorem
804 723 917 791 adesse
941 726 1116 811 collegam,
1144 745 1197 790 oc·

180 818 337 899 cuperent
360 815 424 899 ipsi
446 814 628 898 praesentis
651 813 768 898 proclii
791 814 944 900 gloriam:
966 836 1031 899 quo
1052 813 1139 880 facto
1165 818 1199 879 et

178 901 320 970 Romani
343 902 460 968 fiducia
483 903 640 969 concitati
657 902 834 988 pro<ruere
853 905 888 970 et
905 902 1038 986 hostes>
1062 903 1197 987 puluere

178 992 319 1076 perculsi
341 997 437 1077 terga
459 995 637 1058 uerterunt.

246 1082 276 1148 2.
312 1079 434 1146 Fabius
466 1080 582 1147 Rullus
613 1078 775 1146 Maximus
808 1083 925 1165 quarto
958 1081 1128 1146 consulatu
1161 1081 1197 1146 in

126 1187 160 1236 10
179 1167 324 1255 Samnio,
357 1171 445 1235 omni
474 1168 572 1236 modo
604 1169 726 1235 frustra
756 1174 892 1236 conatus
921 1169 1023 1236 aciem
1050 1169 1197 1236 hostium

178 1281 401 1343 perrumpere,
423 1259 601 1325 nouissime
624 1258 773 1324 hastatos
797 1257 952 1324 subduxit
971 1258 1138 1324 ordinibus
1162 1263 1198 1324 et
1301 1269 1302 1280 ¹

178 1369 252 1412 cum
271 1345 423 1431 Scipione
446 1348 557 1433 legato
581 1369 639 1412 suo
663 1347 876 1413 circummisit
897 1346 1056 1432 iussitque
1079 1347 1196 1413 collem

179 1456 307 1518 capere,
331 1456 370 1499 ex
389 1457 452 1520 quo
471 1436 598 1500 decurri
616 1439 745 1519 poterat
761 1436 797 1499 in
814 1435 959 1500 hostium
979 1439 1086 1519 terga:
1109 1437 1196 1520 quod
1301 1507 1302 1510 Ι

178 1524 235 1588 ubi
263 1523 386 1589 factum
415 1527 478 1607 est,
505 1522 662 1588 Romania
692 1524 795 1589 creuit
823 1524 950 1588 animus
974 1529 1007 1590 et
1029 1523 1195 1590 Samnites

127 1612 344 1696 inperterriti
366 1612 478 1697 fugam
502 1611 672 1678 molientes
696 1611 783 1677 caesi
806 1618 890 1678 sunt.

245 1700 275 1766 3.
308 1699 471 1766 Minucius
503 1699 608 1766 Rufus
640 1701 831 1786 imperator,
864 1723 937 1767 cum
970 1725 990 1766 a
1017 1699 1195 1768 Scordiscis

177 1787 341 1874 Dacisque
364 1793 573 1874 premeretur,
594 1789 712 1875 quibus
739 1789 833 1874 inpar
851 1793 922 1855 erat
940 1811 1083 1872 numero,
1101 1813 1195 1876 prae·

41 1959 52 1967 „
178 1877 270 1942 misit
291 1877 428 1944 fratrem
447 1882 480 1944 et
497 1899 618 1962 paucos
637 1900 704 1944 una
722 1879 846 1962 equites
871 1900 943 1944 cum
965 1880 1195 1945 aeneatoribus

53 1958 64 2012 l
177 1967 421 2051 praecepitque,
450 1971 498 2049 ut,
529 1989 601 2032 cum
628 1966 767 2033 uidisset
795 1971 999 2033 contractum
1026 1969 1196 2053 proelium,

125 2054 307 2120 accubitus
331 2077 370 2120 ex
393 2056 523 2122 diuerso
546 2078 580 2120 se
605 2055 791 2122 ostenderet
813 2055 1000 2139 iuberetque
1024 2056 1195 2122 concinere

29 2126 113 2288 ¹²⁹2)
178 2147 382 2210 aeneatores:
404 2143 679 2228 <re>sonantibus
703 2144 865 2210 montium
888 2145 974 2230 iugis
998 2145 1120 2230 species
1144 2147 1195 2212 in-

109 2292 117 2400 l
178 2321 293 2388 dedere
317 2325 418 2407 terga.

243 2411 274 2477 4.
301 2410 426 2476 Acilius
451 2410 585 2477 Glabrio
609 2412 723 2476 consul
747 2411 903 2476 aduersus
929 2409 1082 2476 Antiochi
1105 2412 1195 2497 regis

124 2513 158 2564 11
178 2500 293 2577 aciem,
321 2521 419 2584 quam
446 2499 474 2564 is
501 2500 536 2563 in
559 2499 683 2564 Achaia
710 2521 770 2584 pro
799 2499 961 2585 angustiis
991 2499 1195 2585 Thermopy-

177 2588 285 2652 larum
304 2587 477 2666 direxerat,
500 2587 727 2672 iniquitatibns
748 2587 811 2652 loci
830 2610 897 2652 non
915 2589 1033 2652 inritus
1052 2592 1195 2671 tantum,

178 2675 234 2740 sed
257 2697 330 2739 cum
353 2675 478 2740 iactura
505 2696 633 2759 quoque
660 2675 808 2759 repulsus
837 2680 935 2760 esset,
965 2677 1031 2742 nisi
1059 2677 1195 2742 circum-

178 2233 285 2317 gentis
309 2233 526 2301 multitudinis
551 2233 655 2300 offusa
678 2238 728 2300 cet
749 2233 913 2316 hostibus,
943 2255 1008 2318 qua
1030 2235 1196 2318 perterriti
1301 2223 1302 2272 l

248 2872 264 2920 2
284 2867 341 2920 suis
359 2882 410 2921 om.
429 2865 493 2934 H¹l
516 2866 662 2936 agasiones
681 2867 726 2921 H¹
746 2869 751 2936 Ι
776 2874 792 2923 3
811 2867 908 2922 multis
927 2867 962 2922 H
979 2870 983 2936 Ι
1008 2884 1195 2938 romanosque
1301 2863 1302 2918 ἐ

176 2937 212 2994 H
225 2939 229 3005 Ι
255 2942 271 2991 t
290 2938 357 2992 adse
371 2937 406 2992 H
419 2940 423 3006 Ι
442 2942 649 3008 occupauerant
661 2939 705 2994 Ηι
722 2941 727 3010 Ι
750 2945 765 2994 6
784 2938 860 2994 facta
873 2938 938 3008 H¹l
962 2944 977 2994 1
996 2955 1105 2994 romam
1123 2939 1194 2994 fidu·
1301 2953 1302 3018 Ι

176 3009 247 3064 tiam
260 3009 295 3064 H
297 3009 306 3040 ¹
321 3013 326 3078 Ι
342 3009 476 3064 concitati
492 3025 626 3090 proruere
645 3015 674 3066 et
692 3011 787 3066 hostes
804 3011 920 3080 puluere
934 3011 1037 3065 Hartel
1059 3009 1196 3068 concitati
1301 3027 1302 3042 ¹

176 3081 325 3151 propulere
340 3079 405 3135 ΗΡ
424 3083 559 3135 concitati
577 3082 690 3138 suntet
709 3081 848 3137 Samnites
866 3097 934 3148 prae
952 3081 1102 3152 puluererl
1128 3097 1195 3137 con-

176 3151 258 3206 citati
277 3152 426 3222 propulere
445 3151 540 3207 hostes
559 3152 588 3206 et
603 3151 743 3208 Samnites
761 3169 831 3222 prae
844 3151 959 3221 puluere
976 3152 1061 3208 Orod:
1079 3153 1115 3220 cs.
1125 3152 1195 3210 Lice.

176 3227 226 3288 10,
239 3227 346 3278 40-41
374 3225 379 3288 Ι
404 3229 420 3278 8
443 3222 580 3290 perculsit
597 3223 629 3277 H
651 3229 716 3280 uate
737 3239 792 3278 rae.
821 3221 947 3292 perpulsi
967 3223 995 3277 P
1018 3227 1023 3290 Ι
1052 3229 1068 3278 9
1092 3222 1194 3290 Rullus

176 3291 300 3363 Scalipcr
317 3292 430 3348 rutilius
445 3293 511 3346 ΗΡ
526 3293 674 3349 Rullianus
690 3295 791 3350 61111.-
809 3294 843 3360 cf.
859 3294 950 3362 praef.
964 3293 986 3366 §
999 3299 1033 3348 11
1050 3296 1056 3364 Ι
1082 3300 1116 3348 14
1132 3301 1196 3363 poet

176 3365 220 3418 est
237 3380 297 3419 aaa
315 3363 368 3420 litt.
388 3366 429 3432 (et
446 3363 473 3430 3)
492 3381 572 3420 maro
585 3364 621 3419 H
638 3369 642 3432 Ι
667 3372 699 3421 16
718 3363 756 3420 Μ.
771 3365 875 3418 mutius
889 3365 925 3419 H
939 3364 1075 3420 Minatius
1090 3364 1137 3428 ΡΙ
1160 3373 1194 3422 1‘1

175 3433 258 3503 inpar
275 3433 347 3504 erat]
367 3433 520 3503 imperaret
535 3435 586 3500 ΗΙ
608 3441 642 3491 10
662 3435 791 3490 subditus
804 3435 850 3490 Ηι
865 3439 869 3503 Ι
890 3441 923 3490 21
944 3435 1107 3491 sonantibus
1120 3436 1156 3490 H
1158 3437 1194 3506 P,
1301 3480 1302 3500 ,

175 3521 224 3559 em.
241 3503 326 3560 Gron.
345 3508 349 3570 Ι
370 3509 404 3559 22
423 3505 511 3560 effusa
529 3507 564 3560 H
581 3509 585 3574 Ι
609 3511 642 3560 ab
661 3505 706 3560 hia
721 3506 766 3562 H¹
782 3510 786 3576 Ι
807 3507 837 3561 in
854 3507 983 3563 achaiam
1002 3507 1049 3575 ΡΙ
1069 3506 1194 3562 thermo·

174 3572 317 3645 philatum
335 3575 371 3630 H
390 3579 394 3642 Ι
420 3581 453 3628 27
475 3575 638 3631 cummissns
657 3577 693 3632 H
