2642 4046
445 229 555 286 LIBER
572 228 607 286 ΙΙ.
635 229 713 286 (ιΑΡ.
734 237 775 287 1³.
1085 228 1127 294 87

108 395 255 462 euntium
283 414 417 480 agmen,
444 392 480 458 in
516 391 665 477 quintam
699 392 815 460 horam
851 393 1012 460 continuit
1048 415 1128 460 suos

107 485 269 568 fidemque
296 482 491 548 statiuorum
518 480 607 548 fecit:
640 504 704 567 qua
731 481 944 569 persuasione
972 483 1128 569 digressis

108 573 183 638 inde
206 571 349 654 Parthis,
377 571 500 636 iustum
526 569 590 636 iter
615 571 739 657 reliquo
768 572 821 638 die
849 572 919 638 sine
941 572 1129 659 interpella·

107 661 199 727 tione
222 659 371 728 confecit.

176 749 207 817 8.
237 747 409 834 Philippus
436 749 473 814 in
495 747 598 832 Epiro
626 749 747 834 uictus,
774 771 815 815 ne
843 749 1025 836 fugientem
1053 764 1162 815 eume

109 837 250 904 Romani
276 841 476 924 premerent,
504 836 646 902 indutias
670 837 712 902 ad
735 839 937 923 sepeliendos
961 838 1018 923 qui
1041 837 1127 904 caesi

109 931 203 992 erant
234 926 414 1012 inpetrauit
450 929 484 992 et
517 924 559 991 ob
597 925 631 990 id
663 926 903 992 remissioribus
937 926 1126 992 custodibus

108 1017 221 1082 euasit.

175 1105 205 1170 9.
236 1104 272 1170 P.
291 1103 460 1189 Claudius,
483 1101 595 1169 nauali
616 1100 742 1188 proelio
766 1104 899 1187 superat
899 1124 938 1168 us
962 1100 1128 1187 aPocnis,

109 1215 183 1258 cum
205 1214 263 1278 per
285 1192 433 1257 hostium
450 1154 620 1276 praesich'a
638 1211 770 1257 necesse
793 1190 931 1256 haberet
949 1211 1128 1277 erumpere,
1147 1207 1180 1257 10

10 1345 11 1376 ,
108 1281 251 1366 reliquas
274 1279 393 1365 uiginti
411 1300 512 1346 naues
531 1283 700 1364 tamquam
719 1279 869 1345 uictrices
887 1279 986 1346 iussit
1005 1280 1127 1346 ornari.

110 1373 209 1455 atque
232 1369 280 1434 ita
297 1367 418 1434 Poenis
441 1368 705 1444 existimantibus
728 1368 911 1453 superiores
936 1368 1034 1434 fuisse
1058 1368 1127 1434 acie

109 1462 242 1524 nostros
264 1456 420 1522 terribilis
444 1456 592 1523 excessit

71 1612 75 1616 .
178 1547 229 1613 10.
251 1545 354 1612 Poeni
372 1546 475 1612 classe
495 1545 655 1631 superati,
678 1545 755 1631 quia
776 1546 957 1614 instantem
980 1548 1126 1612 avertere

107 1633 294 1702 Romanum
314 1636 499 1722 studebant,
517 1635 754 1702 simulauerunt
771 1635 807 1700 in
825 1635 910 1702 uada
927 1657 1029 1702 naues
1050 1656 1125 1702 suas
1147 1651 1179 1701 ιι

108 1723 264 1790 incidisse
299 1724 531 1809 horrentisque
568 1725 691 1792 imitati
728 1724 917 1808 effecerunt,
953 1727 991 1790 ut
1022 1725 1127 1790 uictor

108 1835 221 1880 eorum
244 1813 364 1879 timens
387 1835 500 1880 casum
523 1815 668 1898 spatium
691 1813 732 1878 ad
756 1813 960 1879 euadendum
981 1812 1082 1879 daret

179 1903 228 1968 11.
252 1899 421 1967 Commius
439 1902 600 1986 Atrabas,
620 1921 694 1967 cum
712 1901 819 1968 uictus
839 1925 859 1966 a
876 1901 962 1967 Diuo
981 1899 1066 1967 Iulio
1088 1922 1128 1965 ex
1223 1947 1227 1958 ,

110 1989 219 2055 Gallia
250 1990 285 2054 in
312 1989 534 2055 Brittanniam
565 1989 693 2075 fugeret
720 1993 753 2055 et
779 1989 864 2055 forte
892 1989 933 2054 ad
962 1988 1127 2056 Oceanum

108 2081 209 2144 uento
233 2077 363 2163 quidem
386 2077 544 2160 secundo,
571 2077 627 2142 scd
655 2081 746 2143 aestu
774 2077 942 2144 recedente
975 2079 1127 2160 uenisset,
1145 2094 1180 2144 no

109 2167 258 2253 quamuis
290 2187 391 2232 naues
422 2167 457 2232 in
493 2165 585 2232 siccis
621 2165 773 2232 litoribus
809 2165 993 2250 haererent,
1028 2165 1126 2250 pandi

109 2255 323 2322 nihilominus
355 2254 430 2320 uela
460 2253 572 2320 iussit:
604 2275 685 2338 quae
718 2276 791 2320 cum
823 2275 1019 2338 persequens
1053 2275 1127 2323 eum

110 2341 232 2408 Caesar
254 2365 293 2408 ex
316 2343 498 2430 longinquo
521 2342 681 2407 tumentia
704 2347 738 2409 et
759 2343 837 2430 flatu
862 2344 959 2427 plena
981 2343 1127 2428 uidisset,
1211 2286 1220 2456 i

110 2435 200 2497 ratus
222 2452 379 2516 prospero
404 2431 467 2496 sibi
490 2430 571 2515 eripi
593 2452 689 2498 cursu
715 2431 858 2498 recessit.

182 2611 198 2661 2
217 2605 322 2676 fldemq
322 2622 358 2661 ue
381 2603 550 2662 statiuorom
569 2603 709 2662 Gracuim
730 2607 815 2662 fidem
833 2624 890 2677 quo
909 2606 1076 2664 statiuorum
1094 2606 1130 2662 H

109 2678 194 2734 fidem
212 2624 434 2733 constatiuorum
455 2677 510 2745 ΡΙ
535 2676 676 2747 digressus
695 2677 731 2733 H
751 2679 756 2749 Ι
785 2678 894 2734 tinter
912 2679 948 2735 H
962 2685 1025 2735 ante
1043 2694 1098 2736 rus.
1120 2680 1124 2747 ι

110 2747 1125 2819 11..XXPtrigrntaPolb151,11Hutr.,.2260roa.4‚

109 2767 476 2902 10,311ciauadain
548 2820 613 2890 118
631 2821 751 2876 Atrebas
776 2822 835 2877 edd.
857 2792 1061 2893 idiuuofft
1092 2827 1125 2877 19

108 2889 275 2948 brittaniam
293 2890 329 2946 H
341 2895 346 2959 Ι
362 2897 395 2947 21
414 2891 532 2947 hument
547 2891 592 2947 H¹
608 2895 664 2959 124
680 2908 813 2963 prospere
832 2893 861 2948 P
