2642 4046
195 218 258 281 142
393 217 469 272 IULI
486 214 665 270 FRONTINI
684 213 1007 270 STRATEGEMATON

193 401 226 445 se
250 380 346 444 iussit
370 379 463 464 eique
487 377 666 460 excusauit,
690 377 776 461 quod
799 377 922 442 inuidia
946 375 1210 441 commilitonum

192 470 329 533 uirtutes
358 468 447 532 illius
477 467 518 531 ad
545 467 579 530 id
608 468 737 550 tempus
759 465 957 550 ignorasset:
989 469 1060 529 tum
1084 464 1210 530 donato

193 557 223 621 ei
247 577 327 640 equo
351 555 520 639 pecuniam
543 555 677 638 insuper
699 555 836 638 largitus
861 553 1017 638 obtinuit,
1041 555 1086 636 ut,
1110 574 1208 638 quem

193 667 231 710 ex
255 643 452 709 conscientia
474 643 637 726 trepidum
661 644 860 726 arcessierat,
883 641 1006 706 laetum
1029 641 1209 706 dimitteret

157 749 172 799 ὅ
193 738 225 797 et
249 754 287 797 ex
310 733 409 797 dubio
428 732 462 796 in
480 732 640 814 reliquum
658 753 724 795 non
742 730 849 795 minus
871 729 999 794 fidelem
1024 752 1121 815 quam
1144 729 1210 795 for·

191 826 257 886 tem
280 821 416 885 haberet
438 821 589 904 equitem.

259 910 312 976 37.
340 908 521 992 Philippus,
545 923 617 973 cum
637 907 782 972 audisset
799 907 942 992 Pythian
964 905 1125 991 quendam
1149 906 1209 970 bo·
1304 887 1305 956 l

191 1021 270 1062 num
293 1001 510 1082 pugnatorem
534 998 713 1062 alienatum
736 996 812 1079 sibi,
840 995 927 1080 quod
953 997 1021 1060 tres
1048 995 1133 1058 filias
1156 995 1205 1058 in·

193 1109 251 1170 ops
284 1087 339 1150 uix
371 1085 473 1150 aleret
504 1107 563 1150 nec
590 1108 610 1149 a
636 1105 712 1168 rege
745 1085 969 1167 adimeretur,
998 1083 1209 1147 monentibus

141 1193 173 1242 10
192 1175 394 1258 quibusdam,
416 1175 466 1237 uti
485 1195 556 1237 oum
575 1176 713 1258 caueret,
737 1172 847 1256 ‘quidi
864 1172 912 1256 si',
935 1173 1050 1256 inquit,
1069 1171 1208 1255 ‘partem

193 1284 326 1349 aegram
359 1262 503 1346 corporis
535 1263 706 1346 haberem,
739 1261 937 1326 absciderem
970 1261 1078 1343 potius
1109 1280 1208 1342 quam

193 1351 371 1418 curarem?
394 1350 509 1416 deinde
524 1350 728 1414 familiariter
747 1355 871 1415 secreto
891 1349 1035 1414 elicitum
1053 1347 1209 1432 Pythian,

193 1442 326 1524 accepta
349 1439 538 1503 difficultate
561 1438 805 1503 necessitatium
830 1438 1100 1520 domesticarum,
1112 1458 1210 1520 pecu-

192 1529 248 1594 nia
270 1529 425 1592 instruxit
449 1548 486 1591 ac
508 1527 675 1591 meliorem
697 1527 939 1610 fidelioremque
962 1525 1086 1609 habuit,
1110 1547 1209 1610 quam

140 1634 172 1682 15
191 1617 351 1681 habuerat
373 1619 546 1698 antequam
570 1615 754 1679 offenderet.

258 1705 310 1769 38.
343 1703 379 1768 Τ.
399 1701 549 1778 Quintius
569 1702 735 1786 Crispinus
753 1707 831 1789 post
852 1703 1029 1768 infaustam
1053 1702 1208 1766 aduersus

192 1792 318 1857 Poenos
343 1791 591 1874 dimicationem,
615 1813 678 1875 qna
702 1791 860 1875 collegam
878 1791 1069 1856 Marcellum
1092 1791 1209 1854 amise-

193 1885 258 1963 rat,
281 1903 355 1945 cum
378 1881 589 1964 comperisset
611 1880 752 1964 potitum
776 1881 873 1944 anulo
897 1879 1061 1944 interfecti
1083 1877 1209 1942 Hanni-

191 1969 313 2051 balem,
341 1968 469 2033 litteras
494 1970 577 2033 circa
601 1969 778 2052 municipia
807 1969 910 2032 totius
933 1967 1048 2033 Italiae
1072 1967 1207 2045 dimisit,

140 2076 173 2124 20
192 2079 233 2122 ne
258 2058 423 2122 crederent
442 2057 599 2142 epistulis,
623 2058 651 2121 si
676 2075 757 2142 quae
770 2055 915 2121 Marcelli
939 2057 1037 2121 anulo
1061 2055 1208 2140 signatae

193 2146 426 2230 perferrentur:
449 2146 629 2211 monitione
651 2149 843 2211 consecutus
866 2147 930 2230 est,
960 2148 997 2209 ut
1020 2143 1152 2227 Salapia
1176 2147 1209 2208 et

194 2235 276 2300 aliae
299 2235 395 2298 urbes
418 2234 540 2299 frustra
562 2233 757 2298 Hannibalis
782 2233 867 2299 dolis
889 2235 1134 2317 temptarentur.

259 2323 312 2388 39.
343 2322 424 2387 Post
451 2321 653 2388 Cannensem
682 2323 806 2387 cladem
833 2321 1066 2406 perculsisita
1088 2319 1208 2384 Roma·
1304 2325 1305 2388 ζ

192 2433 307 2476 norum
328 2411 454 2495 animis,
477 2415 514 2476 ut
526 2433 603 2495 pars
622 2432 743 2496 magna
761 2411 973 2497 reliquiarum
991 2409 1208 2474 nobilissimis

139 2515 173 2564 no
193 2500 379 2566 auctoribus
403 2499 597 2564 deserendae
620 2498 735 2565 Italiae
758 2500 858 2564 iniret
881 2499 1060 2581 consilium,
1083 2497 1119 2561 P.
1139 2494 1208 2561 Sci·

191 2589 246 2672 pio
275 2588 461 2652 adulescens
490 2587 662 2652 admodum
690 2588 814 2671 impetu
841 2587 929 2652 facto
956 2587 990 2651 in
1016 2608 1053 2651 eo
1077 2584 1208 2669 ipsein

192 2698 255 2760 quo
275 2677 353 2740 talia
372 2676 581 2760 agitabantur
604 2679 698 2740 coetu
721 2677 945 2760 pronuntiauit
967 2697 1065 2740 manu
1088 2695 1123 2739 se
1147 2695 1208 2739 sua

265 2874 278 2921 1
299 2883 416 2936 eumque
432 2867 451 2921 b
469 2867 501 2920 iu
517 2869 639 2936 rasura!
661 2873 676 2921 3
696 2867 780 2940 equo]
800 2867 881 2922 edum
896 2867 960 2936 H¹l
980 2874 998 2922 4
1017 2883 1050 2922 ox
1068 2883 1118 2923 om.
1133 2865 1180 2920 Ηι

191 2938 357 2994 arcessierat
378 2937 404 2991 G
436 2937 599 2992 arcersierat
612 2937 647 2992 H
651 2937 694 2992 ¹P
723 2938 925 2993 accersieratlr
952 2941 957 3008 Ι
987 2937 1130 3008 treliqud
1153 2936 1180 2992 G

193 3017 207 3065 7
227 3007 347 3079 pythian
361 3009 427 3064 GH
441 3007 560 3078 phytian
582 3008 605 3063 0
623 3009 724 3078 pitiam
740 3010 769 3062 P
790 3009 918 3078 Pythean
937 3009 1079 3081 Scaliger!
1102 3013 1118 3062 8
1137 3007 1207 3063 alie-

191 3083 257 3135 nato
268 3079 312 3146 ΡΙ
328 3078 442 3149 inopsle
460 3079 540 3133 inobs
551 3080 661 3134 GH¹P
675 3079 679 3151 Ι
696 3087 711 3134 9
731 3079 874 3134 ualeretG
890 3082 895 3149 Ι
912 3086 944 3134 11
959 3080 1150 3134 abscinderem
1165 3081 1184 3133 d
1200 3078 1206 3150 Ι

193 3157 225 3205 12
249 3152 364 3217 fortusse
391 3150 456 3205 dein
480 3150 514 3204 de
541 3149 651 3204 familia
680 3153 787 3205 secreto
808 3152 813 3217 Ι
838 3155 946 3206 secreto
974 3151 1060 3206 delere
1087 3151 1207 3204 malebat

191 3222 308 3290 Lipsius
322 3225 351 3276 et
365 3224 472 3276 secreto
486 3223 505 3275 d
521 3223 524 3290 Ι
540 3221 659 3290 phytinu
675 3219 839 3290 Opythiam
854 3221 919 3276 GH
930 3220 1030 3291 pitiam
1044 3221 1089 3289 ΡΙ
1107 3220 1204 3274 1511-

191 3292 272 3346 berat
291 3292 356 3360 11¹1
377 3291 532 3347 offenderet
550 3308 583 3347 ac
601 3291 754 3347 offenderat
772 3292 807 3346 H
824 3294 828 3358 Ι
853 3297 885 3346 17
905 3309 961 3360 qua
979 3293 999 3347 d
1016 3307 1071 3359 quo
1091 3289 1157 3345 GH
1159 3291 1188 3344 P

191 3364 275 3418 uerbo
300 3362 438 3432 collegam
462 3393 495 3402 —
519 3363 602 3418 anulo
629 3379 679 3418 om.
703 3363 748 3416 Η1
772 3366 776 3430 Ι
806 3367 841 3417 20
864 3363 941 3417 anuli
964 3361 1129 3431 obsignatae
1153 3362 1182 3416 P

191 3439 224 3487 21
244 3432 398 3489 munitione
417 3435 453 3489 H
469 3436 473 3504 Ι
494 3434 537 3487 est
555 3449 605 3488 om.
625 3435 644 3489 d
664 3435 667 3502 Ι
689 3439 722 3488 23
741 3431 877 3502 perculsit
895 3433 930 3488 H
947 3435 952 3504 Ι
977 3438 1011 3487 24
1030 3431 1133 3486 animis
1148 3431 1211 3486 GP

192 3504 280 3627 atonisd
286 3504 331 3628 111¹
349 3505 409 3559 anis
423 3507 442 3628 p
457 3505 461 3576 Ι
482 3510 516 3558 25
535 3502 621 3559 iniret
637 3504 696 3559 GP
711 3505 771 3559 inre
783 3503 828 3559 Η1
846 3504 916 3559 inire
931 3505 949 3559 b
964 3507 969 3574 Ι
989 3501 1103 3573 publius
1117 3503 1153 3558 H
1156 3503 1185 3556 P
1201 3503 1206 3574 Ι

191 3581 225 3628 26
245 3593 261 3629 a
283 3591 405 3630 oescens
