2642 4046
190 214 255 280 134
391 215 466 271 IULI
483 215 661 270 FRONTIXI
679 213 1002 271 STRATEGEMATON

187 399 305 462 equum
335 380 368 442 et
395 377 542 444 laborem
575 401 672 444 suum
698 379 733 443 in
760 379 942 444 necessarie
969 378 1042 444 duci
1071 401 1212 446 munere

186 470 376 532 reserueret.

255 555 286 620 3.
318 553 519 637 Alexander,
541 577 615 620 cum
636 555 744 620 hieme
766 554 897 619 duceret
918 555 1105 638 exercitum,
1127 557 1212 620 reei-

186 642 266 708 dens
290 643 332 707 ed
353 643 465 728 ignem
487 663 720 727 recognoscere
743 643 978 727 praetereuntis
1002 644 1111 729 copies
1135 665 1213 710 eoe-

151 731 250 816 opit3
273 752 411 816 cumque
434 733 657 816 conspexisset
679 731 840 816 quendum
862 753 963 815 prope
986 733 1213 798 exanimatum

186 819 328 903 frigore,
359 820 527 885 considere
557 821 629 886 loco
662 842 721 885 suo
750 820 846 886 iussit
869 819 1014 905 dixitque
1037 822 1079 886 ei:
1107 820 1213 887 ‘siin

186 907 295 973 Persis
313 911 410 973 natus
428 929 525 991 esses,
546 909 582 973 in
600 909 693 994 regie
711 909 793 973 selle
815 907 973 974 resedisse
995 909 1057 974 tibi
1081 911 1211 995 capital

185 995 286 1078 foret,
308 997 352 1078 in,
366 996 558 1062 Macedonis
580 1002 659 1062 usto
681 995 888 1062 conceditur?

253 1086 284 1151 4.
317 1084 422 1150 Diuus
458 1085 628 1170 Augustus
660 1083 898 1171 Vespasianus,
933 1107 1007 1150 cum
1040 1086 1209 1170 quendem

135 1187 168 1239 10
187 1173 425 1240 adulescentem
448 1174 586 1240 honeste
608 1177 738 1257 netum,
765 1173 903 1239 militiae
924 1173 1118 1258 inhabilem,
1148 1197 1210 1240 un-

186 1262 370 1349 gustiarum
388 1264 437 1328 rei
454 1263 628 1328 familiaris
648 1285 746 1328 euusc
764 1261 937 1328 deductum
959 1261 1000 1326 ed
1022 1263 1211 1348 longiorem

185 1350 333 1416 ordinem
358 1351 523 1435 rescisset,
552 1374 652 1418 censu
679 1352 858 1417 constituto
885 1351 1024 1416 honeste
1046 1352 1210 1418 missione

186 1440 419 1506 exauctorauit

450 1646 511 1702 VII.
539 1648 587 1702 nn
606 1646 730 1704 venne
750 1646 934 1703 CONSILIIS.

47 1877 78 1960 Χ

28 2055 60 2152 Χ

183 1900 297 1944 uersus
327 1879 473 1965 hostem,
505 1881 591 1966 quod
621 1882 784 1967 plerisque
817 1882 950 1946 medicis
978 1887 1092 1948 contre
1118 1884 1207 1950 uitia

184 1989 370 2052 corporum,
392 1968 479 2034 fame
502 1971 612 2054 potius
636 1992 733 2055 quum
756 1970 843 2036 ferro
868 1970 1049 2054 superandi.

250 2057 280 2122 2.
311 2057 476 2123 Domitius
514 2057 656 2124 Corbulo
693 2059 828 2124 dolabra
865 2059 912 2138 [id
949 2065 1000 2125 eet
1032 2061 1204 2144 operibus]

182 2144 310 2210 hostem
334 2147 528 2212 uincendum
551 2169 621 2212 esse
646 2146 781 2212 dicebat

96 1769 1208 2088 Vummmwmmmfflw-

131 2248 166 2302 20
251 2235 280 2299 3.
312 2233 346 2300 L.
379 2234 499 2301 Paulus
530 2237 761 2320 imperatorem
793 2257 905 2300 senem
940 2236 1084 2302 moribus
1118 2237 1205 2302 dice·
1304 2251 1305 2256 ’

185 2322 244 2386 bet
265 2345 345 2424 'esse
376 2327 539 2408 oportere,
567 2324 755 2410 significans
786 2325 1006 2394 moderatiore
1036 2327 1205 2410 sequenda

183 2412 419 2583 conlihaileipio
433 2500 607 2566 Africanus
626 2499 728 2564 fertur
745 2499 875 2583 dixisse,
898 2522 971 2565 eum
991 2523 1064 2567 eum
1084 2525 1203 2585 perum

183 2587 315 2672 quidem
344 2608 523 2673 pugnacem
552 2589 708 2653 dicerent:
741 2587 983 2673 ‘imperatorem
1012 2611 1063 2654 me
1086 2595 1204 2675 meter,

130 2688 165 2742 cu
182 2696 250 2740 non
272 2676 466 2741 bellatorem
488 2675 636 2760 peperit?

251 2764 279 2829 5.
313 2761 347 2828 Ο.
375 2761 497 2829 Marius
526 2763 672 2828 Teutono
703 2766 896 2849 prouocanti
926 2787 1000 2831 eum
1028 2770 1061 2832 et
1087 2771 1201 2852 postu-

182 2852 280 2934 lanti,
303 2854 340 2916 ut
365 2850 523 2934 prodiret,
545 2850 729 2937 respondit,
756 2852 784 2917 si
807 2854 941 2938 cupidus
965 2856 1079 2920 mortis
1102 2861 1201 2940 esset,

183 3082 199 3132 s
219 3006 700 3146 ,lellltltplztlttt
715 3009 978 3150 lthtllltrl
988 3011 1200 3152 hehet!

182 3146 336 3203 leseeulem
353 3149 392 3218 ΙιΙ
414 3153 446 3204 11
468 3165 553 3205 cenea
572 3151 600 3203 P
618 3166 717 3206 eeume
735 3151 784 3206 Gt
807 3169 890 3207 cause
908 3152 943 3207 H
948 3152 957 3183 ¹
973 3155 978 3221 Ι
998 3153 1129 3208 eductum
1148 3155 1198 3226 ΡΙ

185 3221 217 3272 le
236 3217 380 3275 reiecisset
397 3221 417 3276 d

184 3361 230 3415 tus
251 3293 297 3442 (llil
309 3286 444 3417 dle'lillerre
466 3362 511 3433 Gt
532 3361 683 3448 superandi
700 3365 719 3418 d
742 3364 873 3434 sperandi
888 3364 981 3420 0611
984 3366 1029 3448 P]
1054 3371 1087 3420 18
1105 3364 1136 3420 id
1156 3368 1200 3422 eet
1302 3429 1303 3436 ἵ

184 3429 1200 3578 9111111111111118111111111ὲέΐὶῧέ
1302 3449 1303 3454 ‘

182 3519 282 3641 irarum
300 3572 320 3627 d
335 3573 340 3642 Ι
360 3577 393 3628 ht
412 3575 530 3630 teutnon
543 3574 578 3628 H
1082 3524 1101 3576 q

386 3291 559 3362 [mealtune
577 3293 629 3348 litt.
648 3298 753 3361 eccae)
770 3293 805 3348 H
824 3295 828 3362 Ι
852 3298 884 3347 15
904 3293 967 3349 (td
988 3293 1018 3351 T.
1035 3293 1096 3350 GH
1100 3295 1129 3348 P
1153 3295 1201 3350 Ti·
1302 3349 1303 3354 ,
