2616 4048
178 205 219 270 74
380 205 455 262 IULI
472 205 652 262 FRONTINI
671 203 993 262 STRATEGEMATON

174 370 304 436 fortiter
327 369 516 434 dimicantes
539 391 609 452 eos,
638 369 693 453 qui
716 369 832 434 inclusi
855 373 961 454 erant,
991 369 1190 436 animaduer·
1306 403 1307 416 2

175 459 285 543 tisset,
309 458 417 524 locum
440 457 504 522 illis
529 458 705 542 adingam
729 458 825 524 dedit.

244 548 294 614 10.
330 547 420 612 Idem
453 547 538 612 inter
570 551 744 630 praecepta
775 547 987 630 imperatoria
1016 549 1190 614 memoriae

174 636 318 720 tradidit,
332 657 398 701 non
412 657 483 701 esse
497 636 708 718 pertinaciter
726 636 916 702 instandum
935 636 1023 703 hosti
1041 637 1190 720 fugienti,

139 740 215 790 one
237 746 303 790 non
323 725 427 790 solum
442 723 526 808 <e>a
548 746 583 788 re
606 725 725 790 fortius
745 747 784 790 ex
801 725 996 791 necessitate
1014 725 1190 810 resisteret,

175 814 231 879 sed
245 817 282 878 ut
295 818 411 898 postea
430 834 555 898 quoque
575 813 702 879 facilius
722 813 790 878 acie
805 814 942 898 cederet,
961 813 1188 898 (summust)

174 924 240 967 non
254 925 356 986 usque
376 902 417 967 ad
435 901 610 987 perniciem
629 902 831 988 fugientibus
846 903 1025 969 instaturos
1040 903 1188 969 uictores.

358 1112 416 1167 Vll.
445 1109 493 1165 DE
511 1111 794 1166 DISSIMULANDIS
813 1110 1000 1167 Anvnasrs.

243 1260 271 1322 1.
301 1257 415 1323 'Pullus
434 1255 596 1322 Hostilius
619 1278 675 1322 rex
694 1256 916 1322 Romanorum
938 1258 1111 1324 commisso
1135 1259 1192 1323 ad·
1306 1269 1307 1280 ¹

122 1361 154 1411 10
173 1367 286 1411 uersus
310 1344 465 1410 Veientes
489 1346 626 1429 proeli0,
655 1367 726 1411 cum
750 1345 874 1410 Albani
895 1346 1023 1412 deserto
1047 1347 1190 1412 exercitu

173 1435 394 1500 Romanorum
416 1435 582 1518 proximos
602 1437 751 1517 peterent
769 1435 912 1500 tumulos
931 1457 1032 1520 eaque
1051 1457 1104 1500 res
1122 1439 1191 1500 tur-

174 1525 285 1588 basset
321 1525 508 1588 nostrorum
545 1522 688 1612 animos,
721 1524 806 1588 clare
836 1525 1062 1606 pronuntiauit
1100 1525 1191 1590 iussu

175 1633 234 1678 suo
252 1610 399 1675 Albanos
418 1611 451 1675 id
469 1609 597 1694 fecisse,
621 1614 658 1675 ut
675 1610 803 1676 hostem
823 1613 1084 1677 circumueniret:
1108 1634 1191 1697 quae

174 1722 226 1764 res
249 1703 283 1764 et
305 1703 463 1764 terrorem
480 1696 672 1764 Veientibus
696 1703 729 1764 et
750 1700 906 1766 Romanis
930 1701 1078 1766 fiduciam
1102 1705 1153 1766 att
1176 1743 1190 1752 -

122 1803 155 1852 15
174 1790 215 1853 lit
237 1810 368 1873 remque
392 1788 582 1854 inclinatam
606 1788 742 1854 oonsilio
765 1789 919 1856 restituit.

241 1878 271 1942 2.
308 1877 344 1942 L.
367 1874 469 1958 Sulla,
498 1898 571 1941 cum
598 1876 781 1960 praefectus
810 1878 892 1964 eius,
923 1879 1098 1943 comitante
1121 1900 1190 1945 non

174 1966 291 2050 exigua
310 1966 454 2050 equitum
473 1987 580 2049 manu,
599 1967 772 2032 commisso
792 1967 858 2030 iam
879 1967 1003 2050 proelio
1023 1968 1063 2032 ad
1081 1967 1190 2034 hostis

173 2055 416 2141 transfugisset,
433 2055 660 2138 pronuntiauit
683 2056 773 2120 iussu
797 2077 856 2120 suo
875 2055 909 2119 id
926 2057 1064 2122 factum:
1088 2078 1190 2142 eaque
1306 2123 1307 2128 ,

173 2144 300 2210 ratione
328 2143 470 2208 militum
494 2143 619 2208 animos
642 2165 708 2208 non
730 2147 859 2209 tantum
882 2167 902 2210 a
925 2145 1116 2211 confusione
1139 2167 1189 2211 re-

121 2247 155 2297 20
174 2233 289 2317 traxit,
313 2233 368 2298 sed
391 2233 531 2316 quadam
554 2232 654 2297 etiam
678 2253 734 2318 spe
757 2233 924 2318 utilitatis,
953 2257 1035 2318 quae
1057 2235 1090 2299 id
1114 2257 1190 2300 con-

173 2321 282 2386 silium
306 2324 456 2387 secutura
479 2325 577 2401 esset,
601 2321 814 2386 confirmauit.

239 2412 269 2476 3.
294 2409 399 2495 Idem,
422 2431 494 2475 cum
513 2410 685 2475 auxiliares
705 2411 773 2475 eius
791 2411 883 2476 missi
902 2411 943 2476 ab
962 2411 1034 2496 ipso
1054 2412 1188 2477 circum-

171 2499 263 2565 uenti
282 2500 323 2564 ab
342 2499 492 2564 hostibus
516 2502 548 2564 et
570 2498 735 2564 interfecti
754 2503 863 2564 essent
885 2505 1128 2586 uerereturque,
1147 2523 1190 2566 ne

171 2590 306 2672 propter
337 2587 399 2652 hoe
427 2587 582 2652 damnum
609 2587 781 2652 uniuersus
813 2588 993 2673 trepidaret
1021 2589 1190 2669 exercitus,

119 2690 153 2741 25
171 2676 397 2762 pronuntiauit
433 2675 604 2740 auxiliares
610 2725 619 2758 ,
652 2675 707 2759 qui
743 2676 783 2740 ad
816 2676 1029 2742 delectionem
1063 2678 1189 2764 conspi-

171 2770 311 2846 rassent,
343 2764 481 2829 consilio
516 2786 535 2827 a
563 2785 597 2827 se
629 2765 664 2828 in
693 2765 765 2830 loca
797 2765 908 2850 iniqua
941 2766 1109 2833 deductos.
1141 2767 1189 2832 ita

245 2944 259 2992 1
278 2937 398 2993 inclausi
416 2933 460 2991 Η1
476 2940 481 3005 Ι
497 2937 765 2993 animaduertissent
782 2940 833 3008 ΗΙ
858 2945 874 2994 3
893 2939 968 2995 inter
985 2957 1036 2995 om.
1055 2940 1101 2995 H¹
1121 2944 1125 3008 Ι
1146 2941 1188 2995 in·

170 3011 214 3064 ter
233 3012 327 3065 cetera
344 3011 496 3080 praecepta
513 3011 553 3077 dl
577 3009 809 3078 apertinacriter
826 3010 892 3079 H¹l
918 3016 987 3066 bne
1006 3027 1058 3068 om.
1076 3012 1111 3065 H
1124 3016 1129 3080 Ι
1154 3027 1191 3067 ea

170 3098 201 3136 re
222 3080 304 3136 Goetz
322 3098 340 3135 a
359 3097 388 3135 se
406 3081 441 3134 H
445 3081 473 3134 P
490 3081 550 3134 acie
571 3080 641 3137 Oud.
660 3098 710 3150 spe
728 3083 913 3149 wrtieceraml
943 3099 977 3136 ex
994 3099 1044 3138 om.
1064 3083 1108 3137 H¹
1137 3084 1141 3149 Ι
1172 3089 1189 3137 6

170 3152 256 3208 aerbo
278 3169 335 3207 non
354 3183 386 3192 -
406 3153 528 3207 uictores
547 3153 610 3207 eicit
630 3152 714 3206 Oua:
737 3153 772 3218 cf.
787 3153 879 3221 praef.
898 3153 920 3224 ἕ
939 3159 957 3209 9
986 3157 990 3219 Ι
1020 3170 1083 3208 cum
1103 3153 1190 3208 sciret

171 3224 234 3278 add.
253 3224 272 3278 cl
290 3225 367 3276 ratus
386 3225 451 3278 add.
471 3224 529 3278 edd.
547 3224 551 3291 Ι
575 3230 590 3277 ’1
608 3222 796 3294 fugientibus]
814 3222 937 3291 fugienti
955 3223 1009 3278 sibi
1026 3223 1097 3280 Dec.

242 3294 388 3348 statuam
407 3311 457 3349 om.
477 3293 526 3346 Η1
551 3296 555 3361 Ι
585 3293 730 3348 9Tullias
749 3295 804 3362 ΡΙ
830 3299 864 3349 10
882 3295 1029 3350 uehientes
1046 3295 1127 3364 ΗΡΙ
1154 3299 1188 3349 12

169 3364 363 3432 pronuntiauit
380 3365 415 3418 Η
436 3364 440 3435 l
466 3371 499 3419 13
519 3364 754 3419 circumuenirent
771 3366 791 3419 d
811 3368 815 3429 Ι
842 3370 876 3419 14
893 3365 1073 3420 uehientibus
1092 3366 1127 3419 Η
1133 3366 1162 3419 Ρ
1182 3365 1185 3436 Ι

172 3440 204 3490 16
225 3434 297 3504 sylla
315 3435 350 3488 H
374 3435 438 3490 silla
457 3435 501 3502 ΡΙ
528 3441 561 3489 11
580 3433 701 3505 proelio]
720 3433 777 3489 alio
796 3435 848 3503 ΗΙ
873 3437 969 3491 hostes
987 3438 1025 3504 bl
1046 3443 1081 3492 20
1099 3453 1189 3505 quan·

169 3505 301 3630 {ampli}
318 3512 367 3575 spe
381 3507 399 3560 b
415 3508 419 3575 Ι
436 3511 468 3560 21
484 3504 660 3560 consumauit
676 3506 704 3558 P
723 3510 727 3574 Ι
748 3511 781 3560 25
801 3506 986 3562 auxiliareeb
1003 3506 1188 3564 auxiliaribus
