2642 4046
194 217 258 284 136
397 217 473 273 IULI
491 215 670 272 FRONTINI
688 211 1010 269 STRATEGEMATON

192 384 307 447 nerent
334 384 368 445 et
395 386 504 446 castra
531 379 599 444 eius
622 378 840 462 incenderent,
869 377 1023 443 simulata
1044 377 1212 460 lignorum

191 471 324 555 inopia,
351 469 461 534 missis
489 469 629 552 undique
657 468 713 552 qui
740 488 779 531 ea
804 466 991 531 furarentur
1021 465 1139 549 effecit,
1171 471 1217 530 ut
1308 533 1309 538 ,

190 557 347 622 Germani
370 558 540 622 uniuersos
562 559 693 621 truncos
717 556 938 620 amolirentur.

260 646 290 710 9.
322 645 380 711 On.
394 642 503 729 Scipio
523 645 609 709 bello
629 643 740 708 nauali
764 644 939 728 amphoras
962 643 1033 726 pice
1055 645 1090 706 et
1111 642 1215 706 taeda
1306 689 1307 692 η

158 753 173 802 5
193 735 307 820 plenas
331 734 366 797 in
388 733 534 798 hostium
558 734 694 798 classem
717 732 876 796 iaculatus
900 735 960 814 cst,
982 751 1119 814 quarum
1142 731 1214 795 iac-

192 828 247 888 tus
271 825 305 886 et
328 822 469 907 pondere
491 822 578 887 foret
595 821 710 886 noxius
733 823 767 885 et
788 819 1005 903 diffundendo,
1028 840 1111 903 quae
1135 839 1213 884 con-

191 912 367 994 tinuerant,
390 911 579 976 alimentum
602 912 785 994 praestaret
807 907 964 974 incendio.

141 1064 143 1068 .
261 1001 312 1065 10.
344 999 509 1065 Hannibal
540 999 612 1084 regi
648 996 811 1063 Antiocho
849 996 1064 1080 monstrauit,
1101 1000 1138 1061 ut
1174 997 1213 1060 in

193 1088 337 1153 hostium
351 1090 488 1154 classem
501 1088 636 1152 uascula
649 1087 844 1152 iacularetur
862 1085 984 1169 uiperis
1002 1085 1109 1170 plana,
1132 1107 1212 1168 qua·

140 1195 174 1246 10
193 1199 265 1242 rum
288 1181 378 1242 metu
400 1177 565 1262 perterriti
592 1175 712 1240 milites
736 1197 756 1239 a
778 1174 984 1239 dimicatione
1011 1176 1045 1239 et
1066 1174 1215 1239 nauticis

192 1267 382 1331 ministeriis
406 1265 638 1350 impedirentur.

262 1356 328 1434 [11.
360 1353 450 1418 Idem
472 1354 550 1418 fecit
573 1353 638 1417 iam
663 1352 796 1416 cedente
820 1352 924 1416 classe
947 1371 1006 1415 sua
1029 1350 1185 1431 Prusias]

261 1444 314 1508 12.
342 1441 386 1508 M.
399 1441 533 1507 Porcius
549 1439 641 1523 (lato,
663 1441 697 1504 in
713 1441 849 1504 classem
867 1440 1010 1505 hostium
1030 1460 1102 1503 eum
1120 1442 1213 1504 tran·

194 1530 351 1612 siluisset,
379 1529 560 1594 deturbatis
584 1550 622 1593 ex
652 1550 690 1592 ea
712 1527 829 1593 Poenis
854 1548 1026 1613 eorumque
1051 1527 1152 1592 armis
1176 1533 1211 1592 et

141 1638 174 1686 15
193 1617 378 1702 insignibus
392 1619 478 1681 inter
497 1639 573 1681 suos
591 1616 777 1681 distributis
796 1617 917 1682 multas
936 1637 1037 1680 naues
1055 1615 1214 1701 hostium,

194 1727 276 1790 quos
301 1706 414 1771 sociali
439 1705 555 1772 habitu
577 1704 755 1790 fefellerat,
777 1706 900 1769 mersit.

263 1795 313 1859 13.
345 1793 570 1877 Athenienses,
593 1815 666 1858 cum
686 1793 822 1860 subinde
841 1791 1137 1858 aLacedasmoniis
1161 1793 1212 1856 in·

194 1881 399 1966 festarentur,
423 1882 536 1949 diebus
559 1883 666 1963 festis,
690 1903 770 1966 quos
794 1903 904 1947 sacros
927 1879 1093 1946 Mineruae
1117 1884 1214 1946 extra

194 1971 307 2036 urbem
337 1972 558 2054 celebrabant,
586 1993 715 2037 omnem
743 1970 873 2054 quidem
900 1969 1077 2034 colentium
1100 1969 1212 2035 imita-

141 2061 319 2128 notionem
351 2063 596 2144 expresserunt,
629 2060 728 2124 armis
758 2063 872 2123 tamen
901 2060 935 2122 et
962 2061 1052 2122 ueste
1079 2058 1212 2122 celatis:

194 2153 325 2233 peracto
348 2148 414 2213 ritu
438 2171 497 2214 suo
514 2170 581 2213 non
600 2149 713 2212 statim
731 2146 879 2212 Athenas
902 2147 1032 2229 reuersi,
1055 2147 1111 2210 scd
1134 2169 1211 2231 pro-

193 2237 283 2301 tinus
306 2237 381 2302 inde
404 2238 525 2320 raptim
548 2241 621 2301 acto
644 2235 920 2301 Lacedaemonem
941 2256 1055 2300 uersus
1079 2235 1212 2320 agmine

194 2346 232 2390 eo
256 2329 412 2410 tempore,
436 2346 499 2411 quo
523 2324 656 2389 minime
678 2323 895 2406 timebantur,
918 2343 1032 2408 agrum
1055 2323 1212 2408 hostiurn,

194 2414 312 2499 quibus
332 2413 468 2479 subinde
487 2413 626 2497 praedae
644 2413 781 2496 fuerant,
803 2412 890 2476 ultro
914 2411 1100 2495 depopulati
1123 2416 1214 2477 sunt.
1308 2481 1309 2484 ,

141 2519 175 2569 25
263 2503 315 2567 14.
349 2500 483 2566 Cassius
511 2501 677 2566 onerarias
706 2521 819 2585 naues,
847 2521 914 2564 non
940 2500 1051 2584 magni
1079 2499 1211 2566 adalia
1308 2505 1309 2531 ¹

194 2612 286 2674 osus,
319 2612 470 2656 accensas
503 2593 687 2675 opportuno
715 2592 813 2654 uento
842 2590 877 2652 in
904 2587 1042 2654 classem
1065 2587 1210 2654 hostium

193 2679 284 2744 misit
307 2682 340 2743 et
362 2679 602 2743 incendiosam
625 2677 835 2760 consumpsit.

263 2767 312 2832 15.
344 2765 387 2831 M.
414 2766 528 2832 Liuius
560 2765 632 2830 fuso
660 2764 866 2830 Hasdrubale
896 2764 1105 2830 hortantibus
1135 2787 1209 2830 eum

194 2854 397 2939 quibusdam,
419 2858 457 2919 ut
475 2855 604 2920 hostem
623 2854 665 2918 ad
683 2853 929 2919 internicionem
951 2856 1210 2939 persequeretur,
1308 2861 1309 2898 ³

267 3019 279 3070 1
302 3009 386 3065 simul
403 3009 575 3080 talignorum
593 3012 612 3066 b
631 3011 636 3070 Ι
661 3015 678 3064 1
697 3011 785 3064 eflicit
806 3010 841 3064 H
845 3010 854 3041 ¹
874 3012 879 3078 Ι
904 3015 921 3064 4
939 3011 1006 3064 teda
1024 3010 1109 3077 ΗΡΙ
1130 3016 1146 3064 5
1166 3011 1211 3064 est

194 3099 244 3139 one.
258 3082 284 3137 G
299 3085 304 3150 l
322 3087 355 3135 10
369 3081 476 3137 nautici
484 3081 602 3152 Lipsiae
616 3081 621 3151 Ι
638 3085 671 3135 11
686 3083 837 3151 eucarpium
845 3082 978 3136 alienun:
992 3081 1026 3149 cf.
1035 3081 1125 3150 praefi
1137 3079 1185 3151 §9
1202 3079 1207 3152 Ι

194 3154 304 3209 classna
318 3153 353 3208 Η
356 3153 366 3184 ¹
382 3154 386 3222 Ι
402 3151 512 3222 pursias
528 3153 554 3208 G
569 3152 574 3224 Ι
591 3159 624 3207 13
642 3151 752 3221 portius
766 3152 848 3218 ΗΡΙ
864 3149 934 3206 (lato
951 3153 1053 3221 scripsi
1068 3152 1126 3206 coll.
1142 3155 1169 3217 4,
1181 3157 1209 3218 1,

193 3229 237 3280 16.
253 3227 299 3278 38.
314 3228 341 3290 3,
355 3229 382 3278 1.
398 3228 423 3291 5,
437 3229 481 3280 17.
497 3228 523 3290 1,
537 3228 582 3278 31.
597 3227 633 3278 35
651 3222 846 3278 dentoGHP
861 3221 952 3277 daim
970 3224 1018 3277 atu
1031 3223 1051 3276 d
1065 3223 1100 3276 de
1115 3222 1208 3276 lembo

199 3295 348 3364 Weaseliap
374 3295 519 3350 detentam
542 3295 645 3349 Hartel
664 3294 669 3363 Ι
694 3291 913 3348 inuansiluisset
974 3291 984 3322 ¹
1003 3297 1007 3356 Ι
1034 3298 1067 3346 111
1089 3291 1208 3362 insignis

193 3365 228 3420 Η
233 3365 243 3396 ¹
263 3367 267 3434 Ι
294 3370 327 3419 18
350 3365 483 3420 minaruis
502 3365 550 3420 Ηι
571 3366 575 3434 Ι
602 3371 635 3420 19
659 3380 771 3419 omnem
788 3365 808 3418 d
835 3363 959 3419 omnium
978 3363 1073 3419 GHP
1091 3367 1095 3434 Ι
1121 3367 1156 3417 10
1179 3366 1210 3418 st

193 3437 280 3493 delere
297 3438 405 3490 mauult
422 3437 524 3492 Hancl
542 3437 626 3490 subd
641 3437 646 3504 Ι
662 3440 696 3488 11
716 3435 773 3490 ritu
791 3435 854 3506 suc]
869 3435 945 3492 rium
959 3435 995 3489 Η
1007 3439 1011 3503 Ι
1028 3439 1062 3488 15
1081 3434 1206 3504 aliosdl

193 3514 228 3563 16
248 3521 380 3632 aceensrp
395 3507 440 3560 Η1
455 3511 460 3575 1
476 3513 510 3561 19
529 3505 744 3561 internicionem
758 3506 785 3561 θ
802 3504 1012 3562 internitionem
1029 3503 1106 3560 H¹P
1121 3505 1208 3559 inter-

193 3593 339 3633 necionem
