2642 4046
422 199 532 255 LlBElt
547 198 592 254 IV.
621 199 699 255 cnP.
719 205 797 256 3-4.
1050 199 1113 265 127

100 363 182 428 mati
196 361 320 428 milites
342 362 552 448 accipiebant,
575 363 756 448 gregalium
775 364 925 448 portione
944 368 1116 429 contentus

99 451 175 535 fuit,
208 451 333 516 malum
356 452 458 517 ciuem
487 452 610 535 dicens,
637 453 690 518 cui
717 474 783 518 non
811 458 899 519 esset
921 453 1006 518 idem
1030 453 1115 538 quod

100 541 218 606 ceteris
242 541 333 606 satis.

168 630 218 695 13.
251 627 405 695 Uniuersi
423 650 551 714 quoque
569 630 728 695 exercitus
751 629 907 696 notabilis
931 645 1028 715 saepe
1051 630 1115 695 fuit

99 717 308 801 continentia,
327 718 411 784 sicut
428 718 497 784 eius
516 719 574 804 qni
592 718 652 783 sub
671 717 714 783 M.
729 717 849 785 Scauro
869 720 995 786 meruit.
1022 741 1112 784 nam·
1132 735 1149 785 5

99 829 160 892 qne
192 808 367 873 memoriae
398 807 534 872 tradidit
561 805 700 872 scaurus
731 808 924 892 pomiferam
955 809 1115 893 arborem,

98 918 196 981 quam
215 893 262 961 ¹in
294 897 375 982 peda
408 900 589 962 castrorum
625 897 733 961 funerat
764 897 932 982 complexa
968 895 1114 982 metatio,
1170 877 1177 982 l,

98 991 231 1069 postero
269 986 321 1051 die
354 985 493 1051 abeunte
530 985 673 1050 exercitu
709 985 841 1050 intactis
873 985 1033 1050 fructibus
1065 1008 1113 1050 re·
1172 985 1179 1073 ξ

96 1075 218 1140 lictam.
1175 1082 1180 1098 '

166 1164 218 1228 14.
250 1161 416 1246 Auspiciis
438 1160 650 1244 Imperatoris
675 1157 824 1226 Caesaris
843 1161 1023 1227 Domitiani
1046 1161 1113 1226 Au·
1133 1179 1167 1228 10

97 1252 188 1344 gusti
211 1249 404 1316 Germanico
431 1250 536 1334 bello,
564 1250 650 1335 quod
677 1250 778 1315 lulius
802 1246 918 1316 ciuilis
945 1252 979 1315 in
1005 1249 1113 1316 Gallia
1157 1211 1272 1670 μβ

1223 866 1253 925 ><

96 1342 256 1421 mouerat,
277 1337 461 1423 Lingonum
483 1339 729 1424 opulentissima
752 1339 877 1424 ciuitas,
900 1361 982 1424 quae
1001 1340 1041 1404 ad
1060 1336 1112 1404 (ti-

98 1427 198 1493 uilem
232 1427 430 1512 desciuerat,
461 1449 533 1492 cum
565 1427 758 1492 adueniente
790 1428 932 1493 exercitu
962 1425 1112 1494 Caesaris

96 1516 342 1600 populationem
365 1516 503 1601 timeret,
526 1516 612 1603 quo'd
630 1520 744 1583 contra
767 1517 1040 1602 exspectationem
1064 1518 1112 1582 in-

98 1605 220 1671 uiolata
251 1604 334 1670 nihil
367 1627 405 1670 ex
437 1606 532 1670 rebus
562 1607 629 1671 suis
652 1606 824 1690 amiserat,
855 1606 896 1672 ad
919 1607 1111 1692 obsequium
1132 1623 1165 1672 15

95 1693 228 1760 redacta
252 1694 459 1781 septuaginta
481 1694 574 1759 milia
597 1699 797 1761 armatorum
820 1695 955 1760 tradidit
977 1695 1066 1760 mihi.

165 1783 214 1848 15.
247 1782 283 1848 L.
306 1782 490 1867 Mummius,
514 1783 570 1869 qui
588 1781 746 1849 Corintho
770 1788 866 1870 capta
887 1806 954 1850 non
976 1783 1110 1850 Italiam

96 1871 204 1936 solum
236 1871 293 1937 sed
325 1873 423 1937 etiam
450 1873 637 1957 prouincias
665 1873 786 1937 tabulis
815 1871 996 1958 statuisque
1020 1896 1111 1939 exor-

94 1959 203 2043 nauit,
230 1960 311 2025 adeo
338 1961 421 2046 nihil
454 1982 493 2025 ex
525 1961 626 2025 tantis
657 1960 820 2026 manubiis
846 1962 882 2026 in
913 1984 1007 2028 suum
1037 1984 1110 2027 con-

96 2047 209 2132 uertit,
236 2051 274 2111 ut
297 2047 398 2112 filiam
427 2049 494 2113 eius
523 2049 653 2132 inopem
682 2054 815 2114 senatus
838 2071 876 2114 ex
898 2049 1030 2135 publico
1055 2049 1109 2116 do·
1129 2067 1164 2116 1ο

95 2136 226 2201 tauerit

440 2309 500 2364 1111.
527 2307 577 2364 DE
596 2308 765 2368 IUSTI'I'IA.

164 2456 193 2518 1.
225 2451 363 2519 Camillo
386 2452 529 2519 Faliscos
560 2455 723 2520 obsidenti
749 2455 819 2520 ludi
846 2457 1003 2541 magister
1030 2456 1109 2520 libe-

93 2564 148 2608 ror
171 2540 374 2607 Faliscorum
396 2549 563 2628 tamquam
592 2544 780 2609 ambulandi
802 2564 901 2609 causa
925 2548 1017 2610 extra
1040 2567 1108 2610 mu·

92 2653 166 2696 rum
197 2631 330 2698 eductos
362 2631 517 2716 tradidit,
547 2633 658 2699 dicens
689 2633 824 2698 retentis
858 2633 905 2698 eis
940 2632 1108 2699 obsidibus
1128 2651 1162 2702 at

91 2720 274 2786 necessario
295 2721 461 2786 ciuitatem
476 2722 637 2808 imperata
650 2722 820 2788 facturam.
866 2720 1023 2788 Camillus
1042 2744 1110 2787 non

93 2810 200 2873 solum
233 2811 357 2896 spreuit
379 2810 563 2896 perfidiam,
591 2812 646 2876 aad
675 2818 708 2876 et
734 2811 893 2877 restrictis
916 2815 992 2896 post
1015 2817 1109 2896 targa

92 2899 245 2964 manibus
268 2900 463 2984 magistrum
485 2900 587 2986 uirgis
619 2901 781 2986 agendum
804 2900 844 2966 ad
867 2904 1019 2984 parentes
1041 2907 1108 2965 tra·

164 3081 180 3129 b
199 3089 292 3128 marco
311 3072 346 3127 H
350 3074 378 3126 P
401 3076 406 3143 Ι
432 3081 447 3128 6
467 3089 580 3128 scauros
598 3073 634 3127 H
653 3090 785 3130 eacanrus
806 3076 834 3128 P
857 3077 862 3143 Ι
888 3081 920 3128 11
940 3072 1108 3129 Germanico

92 3144 158 3199 GH
162 3143 190 3198 P
207 3143 367 3199 Germanici
380 3146 443 3199 eod
479 3143 544 3198 ilius
554 3144 589 3198 H
601 3149 605 3209 Ι
622 3151 655 3199 12
670 3145 815 3215 lingonum
830 3146 948 3215 apriorn
960 3148 1107 3214 superem.)

91 3216 194 3284 H11a
214 3213 410 3270 aduenientem
464 3215 509 3284 ΡΙ
531 3221 565 3270 14
582 3216 748 3272 inuiolatam
767 3218 805 3285 bl
827 3222 860 3271 15
879 3216 927 3285 ad]
947 3215 983 3269 ab
1004 3214 1050 3284 Gt
1074 3221 1107 3270 16

90 3286 162 3340 mihi
181 3285 246 3340 GH
251 3286 278 3340 P
295 3285 321 3340 ei
339 3287 398 3342 add.
416 3291 420 3350 Ι
447 3292 480 3341 17
499 3287 601 3342 Lucina
615 3287 661 3354 ΘΙ
682 3291 794 3358 captam
812 3288 839 3344 θ
858 3291 862 3353 Ι
884 3292 916 3342 18
935 3286 1108 3357 prouintiam

90 3355 137 3429 ΡΙ
155 3363 188 3411 19
207 3356 343 3412 exstantis
359 3358 406 3425 ΡΙ
423 3363 457 3411 20
475 3361 507 3412 nt
524 3357 612 3413 filiam
632 3359 705 3430 eius]
723 3359 791 3414 infla
810 3365 837 3414 ei
852 3359 876 3414 G
893 3363 897 3427 Ι
913 3359 1063 3413 dotauerat
1080 3358 1112 3412 H

162 3433 197 3482 22
217 3429 327 3482 titulum
344 3429 377 3482 io
394 3443 480 3498 maro.
495 3429 574 3484 babet
587 3429 623 3483 H
634 3433 638 3498 Ι
658 3436 693 3485 25
712 3429 829 3484 retentis
844 3432 965 3485 locanes
980 3430 1107 3485 Sambo-

90 3501 191 3554 ra'caaaa'a
210 3499 308 3554 Polior.
328 3501 387 3567 5st
409 3500 564 3569 repetentia
585 3498 651 3554 GH
665 3501 825 3571 repetendis
840 3501 889 3569 ΡΙ
913 3499 1106 3556 obsidionibus

90 3571 125 3626 H
128 3570 138 3601 ¹
154 3575 159 3640 1
175 3576 209 3624 16
228 3570 395 3640 imperatam
414 3571 432 3625 t
