2616 4048
177 201 221 268 ιι
381 201 457 257 ium
474 201 653 258 nnournu
674 167 995 258 suessionnsuon

176 387 253 430 nere
277 386 350 431 cum
373 363 542 450 profligari
564 363 649 430 nihil
672 363 810 448 uideret,
837 362 949 430 cedere
972 365 1128 448 instituit,
1155 369 1197 432 ut

176 453 239 518 hac
263 453 470 518 simulatione
493 451 682 537 perduceret
703 452 816 519 hostes
838 452 874 517 in
894 453 1090 539 confragosa
1112 454 1196 540 loca,

178 563 260 627 quae
279 563 317 606 ex
335 541 496 608 industria
513 545 712 625 captsuerat.
740 563 813 608 cum
828 542 874 607 sic
888 564 1026 627 quoque,
1043 547 1198 626 suspecta

178 629 355 696 calliditate
383 629 616 714 recedentium,
649 629 799 697 ordinata
826 635 1014 715 sequeretur
1040 631 1197 716 phalanx,

143 735 159 784 e
179 719 303 804 equites
322 740 342 783 a
361 718 493 784 sinistro
515 740 616 784 cornu
638 723 769 804 praeter
791 740 883 785 oram
901 719 1077 806 phalangis
1099 720 1197 786 iussit

177 812 398 874 transcurrere
432 807 542 873 citatis
574 807 679 892 equis,
711 811 829 892 tectos,
860 811 899 873 ut
930 809 1064 875 obiectis
1095 809 1197 876 armis

177 897 250 981 ipso
268 896 393 980 impetu
406 895 668 981 praefringerent
681 895 826 963 hostium
840 897 978 982 spicula:
997 919 1062 981 quo
1078 917 1198 984 genere

176 986 319 1051 telorum
339 986 498 1051 exarmati
516 984 710 1052 Macedones
730 985 902 1052 soluerunt
925 987 1026 1052 aciem
1050 990 1084 1051 et
1101 991 1198 1072 terga

177 1078 356 1141 uerterunt.
970 1117 973 1121 -

128 1177 160 1228 ιο
241 1164 298 1230 21.
321 1153 467 1248 Pyrrhus
490 1184 550 1248 pro
574 1162 759 1229 Tarentinis
784 1161 870 1247 apud
892 1163 1063 1248 Asculum,
1086 1184 1199 1228 secun-

179 1252 256 1317 dum
275 1251 485 1317 Homericum
508 1273 640 1317 uersum
664 1273 729 1335 quo
746 1251 882 1335 pessimi
899 1252 934 1316 in
952 1251 1095 1318 medium
1117 1252 1198 1317 reci·

179 1341 330 1425 piuntur‚
358 1340 471 1406 dextro
494 1361 597 1405 cornu
621 1338 783 1405 Samnites
806 1340 1039 1425 Epirotasque,
1063 1339 1198 1406 sinistro
1302 1365 1303 1372 ¹

179 1429 329 1494 Bruttios
350 1432 446 1512 atque
465 1427 613 1493 Lucanos
632 1449 704 1493 cum
724 1425 929 1514 Sallentinis,
949 1429 984 1493 in
1002 1427 1110 1494 media
1128 1429 1199 1495 acie

180 1516 377 1582 Tarentinos
396 1516 591 1600 conlocauit,
609 1516 791 1599 equitatum
810 1521 844 1582 et
862 1517 1053 1601 elephantos
1072 1517 1107 1582 in
1125 1518 1201 1583 sub·

129 1619 161 1670 15
181 1604 271 1671 sidiis
295 1626 365 1670 esse
388 1604 492 1671 iussit.
895 1637 898 1642 ·

248 1691 371 1760 Contra
393 1693 559 1778 consules,
582 1693 753 1776 aptissime
777 1693 890 1760 diuisis
913 1695 949 1760 in
971 1716 1093 1760 cornua
1111 1695 1201 1779 equi·

181 1782 284 1867 tibus,
310 1781 457 1868 legiones
480 1782 516 1846 in
538 1782 645 1866 prima
668 1783 738 1847 acie
760 1786 793 1847 et
815 1783 850 1848 in
874 1783 1027 1848 subsidiis
1050 1783 1201 1850 conloca·
1303 1801 1304 1852 ι

180 1875 300 1936 uerunt
317 1875 350 1937 et
367 1870 420 1936 his
439 1870 674 1936 inmiscuerunt
692 1871 821 1936 auxilia
853 1871 912 1936 XL
930 1871 1022 1937 milia
1035 1872 1201 1956 utrimque

181 1960 283 2025 fuisse
311 1962 455 2025 constat:
485 1958 604 2043 Pyrrhi
630 1958 765 2025 dimidia
787 1981 863 2045 pars
888 1961 1046 2027 exercitus
1070 1960 1202 2045 amissa,

129 2063 164 2112 ιο
183 2048 267 2132 apud
290 2047 458 2116 Romanos
481 2047 513 2113 V
535 2048 627 2114 milia
649 2049 832 2114 desiderata
855 2053 940 2114 sunt

249 2138 302 2204 22:
325 2135 383 2204 (ln
397 2135 571 2222 Pompeius
590 2136 747 2203 aduersus
765 2135 801 2204 0.
816 2135 988 2204 Caesarem
1002 2136 1202 2222 Palaephar·
1302 2173 1303 2224 p

183 2227 243 2292 seli
267 2226 431 2311 triplicem
454 2226 608 2292 instruxit
631 2226 749 2305 aciem,
771 2248 908 2310 quarum
931 2227 1079 2312 singulae
1098 2226 1202 2292 denos
1302 2225 1303 2277 l

183 2315 311 2380 ordines
334 2315 371 2380 in
393 2315 600 2380 latitudinem
623 2314 814 2381 habuerunt.
854 2315 1000 2401 legiones
1024 2315 1204 2381 secundum

182 2405 340 2471 uirtutem
364 2404 518 2489 cuiusque
540 2403 747 2470 firmissimas
765 2404 800 2468 in
819 2404 971 2469 cornibus
990 2407 1023 2468 et
1040 2404 1076 2468 in
1094 2404 1202 2470 medio

130 2505 164 2556 ae
184 2493 380 2575 conlocauit,
411 2493 517 2577 spatia
535 2491 597 2559 ,his
625 2493 820 2576 interposita
841 2493 1004 2558 tironibus
1028 2493 1204 2578 suppleuit

184 2580 297 2646 dextro
320 2581 423 2646 latere
446 2578 505 2645 DO
528 2581 653 2664 equites
676 2584 812 2665 propter
834 2580 954 2646 flumen
976 2579 1118 2665 Enipea,
1146 2583 1204 2666 qni

185 2672 217 2734 et
240 2668 334 2734 alueo
360 2690 419 2733 suo
440 2672 474 2733 et
492 2668 612 2732 alluuie
631 2669 799 2753 regionem
822 2669 1017 2755 inpedierat,
1039 2670 1204 2755 reliquum

257 2830 271 2877 1
291 2823 387 2878 uidere
402 2823 437 2878 H
454 2827 458 2894 Ι
484 2823 588 2878 thora
602 2823 647 2879 H¹
665 2823 767 2879 hordlr
794 2842 843 2880 ora
859 2826 894 2894 P,
913 2827 1021 2882 correct
1040 2827 1045 2896 Ι
1075 2832 1092 2881 6
1110 2827 1204 2882 tectos

184 2897 311 2965 qmmssis
329 2896 398 2950 dsc‘c
415 2896 520 2950 dietum
537 2901 643 2951 matare
660 2911 718 2951 nors
735 2897 837 2952 audeo:
855 2899 889 2964 cf.
905 2898 981 2953 Dici.
1000 2901 1027 2966 3,
1042 2902 1060 2952 7
1086 2899 1165 2952 actos
1185 2899 1206 2954 d

184 2967 280 3022 nectos
299 2965 377 3022 Stolo.
401 2966 525 3022 intentos
543 2966 626 3022 Goetc
642 2967 646 3038 Ι
665 2972 697 3021 10
716 2965 818 3036 Pyrrus
836 2969 882 3038 ΡΙ
896 2971 982 3024 cerba
1001 2969 1152 3024 secundum
1168 3000 1204 3009 —

184 3037 358 3120 recipiuntur
375 3053 433 3092 non
454 3039 614 3108 temptanda
631 3043 710 3093 sscst:
736 3040 771 3105 cf.
790 3041 879 3120 prqes.
898 3039 919 3110 ἓ
938 3045 956 3095 9
978 3041 983 3108 1
1009 3045 1041 3094 12
1067 3039 1204 3096 samnitas

185 3110 385 3180 ephiratosque
399 3109 444 3179 ΡΙ
462 3115 494 3164 16
514 3125 600 3164 cornu
613 3109 649 3163 H
661 3112 666 3179 1
688 3113 720 3163 18
739 3109 787 3163 XL
804 3111 896 3181 milia]
918 3109 981 3166 ,XL
996 3111 1077 3180 ΗΡΙ
1097 3113 1205 3166 utrum·

185 3213 240 3320 ‘³31⁰
251 3196 305 3319 rH¹
322 3202 356 3322 qo
371 3197 506 3322 wli-¹1⁸]
527 3196 571 3322 q
576 3197 620 3300 ,Η
635 3185 677 3253 .ἰ“ι.
692 3199 738 3267 ΡΙ
758 3204 792 3253 ιι
809 3199 1157 3325 palepharscnsimph'lqsm
1173 3199 1210 3255 n·

185 3283 374 3393 lectitat
399 3283 582 3408 'liliisne
595 3269 859 3407 {illidit
876 3276 1097 3412 ltflttttm
1111 3273 1143 3411 ι)
1159 3277 1205 3414 13⁸1

187 3431 222 3480 26
240 3425 276 3479 iis
295 3427 350 3495 ΡΙ
380 3431 414 3481 26
435 3415 497 3481 D'O.
516 3427 625 3495 equites
646 3428 827 3502 exingentells
844 3429 890 3498 (in
912 3431 1129 3501 mancipium
1146 3436 1205 3486 ets
1297 3455 1298 3472 ι

187 3503 279 3578 cusa)
296 3497 342 3551 H.-
360 3498 395 3565 cf.
413 3498 501 3566 praef.
516 3497 602 3568 §141
624 3498 739 3554 flumine
758 3499 874 3567 (flumen
891 3502 920 3568 ll)
940 3501 1023 3571 nipea
1041 3502 1077 3556 H
1100 3502 1207 3558 flumen

188 3583 317 3637 empeam
336 3568 382 3635 Pl
403 3573 436 3622 at
455 3568 548 3623 luuiae
568 3570 659 3638 (pstor
677 3589 695 3623 u
714 3587 748 3626 ec
766 3571 788 3638 i)
807 3572 843 3626 H
872 3571 964 3628 eluuie
984 3571 1054 3627 Ocd.
