2616 4048
429 199 580 256 LIBERI.
609 199 687 256 oAP.
707 205 785 256 6-8.
1072 199 1114 265 25

169 366 199 431 6.
223 362 380 450 Spartaco
399 364 564 448 copiisque
583 363 652 429 eiua
672 369 765 429 scuta
784 385 822 428 ex
841 362 962 428 uimine
975 361 1116 448 fuerunt,

102 475 184 540 quae
207 452 304 519 eoriis
326 453 531 540 tegebantur.

170 544 214 623 [7.
236 541 312 609 Non
331 542 468 620 alienus,
486 543 524 606 ut
543 541 693 620 arbitror,
711 540 764 607 hie
783 541 874 607 loeus
893 545 944 606 est
956 540 1116 606 referendi

102 629 226 696 faetum
249 630 426 696 Alexandri
448 629 635 696 Macedonis
658 630 739 696 illud
761 630 885 714 nobile,
909 629 965 714 qui
987 651 1046 714 per
1065 630 1116 695 de·

102 726 190 785 serta
213 719 342 784 Africae
365 721 483 784 itinera
505 719 701 804 grauissima
724 720 778 784 siti
802 741 874 785 eum
898 719 1040 784 exercitu
1063 718 1150 784 ads

100 808 204 874 feetus
228 809 374 874 oblatam
398 808 460 873 sibi
483 830 503 873 a
525 808 629 873 milite
651 809 687 872 in
710 808 805 894 galea
827 829 945 892 aquam
969 810 1116 892 spectan-

99 897 189 963 tibus
217 896 378 963 uniuersis
406 896 533 982 effudIt,
559 897 674 962 utilior
701 896 849 980 exemplo
872 897 1116 980 temperantiae,

100 1001 198 1071 quam
222 986 251 1051 si
274 985 512 1052 communicare
535 985 720 1070 potuisset]

280 1193 357 1248 VIII.
383 1191 433 1245 DE
451 1190 735 1247 DISTRINGENDIS
753 1191 940 1249 HOSTIBVS.

171 1322 201 1386 1.
232 1316 438 1404 Coriolanus,
466 1340 539 1386 oum
561 1320 775 1406 ignominiam
798 1320 1016 1386 damnationis
1040 1342 1116 1386 suae
1136 1339 1169 1388 10

101 1408 190 1474 bello
214 1407 436 1494 uleiseeretur,
462 1409 707 1494 populationem
729 1409 940 1495 patriciorum
964 1429 1117 1494 agrorum

101 1497 254 1581 inhibuit,
275 1496 397 1562 deustis
416 1497 619 1583 uastatisque
637 1498 848 1582 plebeiomm,
866 1502 904 1564 ut
922 1498 1117 1564 discordiam

101 1591 263 1670 moueret,
285 1607 351 1670 qua
374 1607 548 1653 consensus
571 1585 794 1654 Romanorum
817 1588 1034 1673 distringeret.

169 1675 199 1740 2.
227 1672 395 1742 Hannibal
418 1674 569 1759 Fabium,
596 1677 649 1742 oui
671 1697 774 1761 neque
798 1677 918 1742 uirtute
941 1695 1046 1761 neque
1069 1697 1117 1740 ar-

100 1765 189 1830 tibus
213 1763 356 1830 bellandi
378 1786 439 1849 par
462 1769 545 1850 erat,
567 1769 605 1830 ut
627 1765 765 1831 infamia
782 1765 1006 1849 distringeret,
1029 1765 1116 1850 agris
1137 1780 1169 1830 15

101 1852 171 1918 eius
195 1853 369 1936 abstinuit,
392 1857 516 1919 eeteros
539 1854 723 1939 populatus.
769 1857 880 1920 eontra
903 1854 972 1934 ille,
1002 1875 1044 1918 ne
1067 1875 1117 1918 su·

102 1943 218 2026 specta¹
241 1941 367 2006 oiuibus
394 1941 475 2006 fides
503 1946 601 2026 esset,
631 1941 855 2028 magnitudine
879 1942 980 2008 animi
1003 1942 1118 2021 effecit,
1204 2008 1214 2030 x

100 2029 279 2114 publicatis
301 2030 563 2114 possessionibus
587 2031 663 2096 suia.

169 2118 201 2184 3.
229 2117 351 2183 Fabius
375 2115 537 2182 Maximus
562 2118 675 2202 quinto
699 2119 823 2203 oonsul,
852 2141 925 2184 oum
949 2117 1118 2184 Gallorum

103 2209 137 2270 et
159 2204 372 2287 Umbrorum,
397 2204 624 2289 Etruseorum,
653 2204 848 2271 Samnitium
877 2205 1034 2270 aduersus
1061 2228 1117 2290 po·
1136 2223 1170 2272 2ο

102 2292 219 2377 pulum
246 2291 430 2358 Romanum
458 2295 616 2358 exereitus
643 2293 796 2377 coissent,
828 2297 943 2360 eontra
975 2314 1056 2377 quos
1084 2297 1118 2358 et

103 2382 175 2464 ipse
198 2384 289 2444 trans
308 2379 540 2464 Appenninum
558 2381 593 2446 in
611 2379 823 2466 <Sentin>ate
846 2385 954 2447 eastra
976 2402 1119 2447 eommu-

102 2468 230 2553 niebat,
258 2468 391 2554 seripsit
412 2467 530 2536 Fuluio
554 2475 587 2536 et
609 2470 792 2550 Postumio,
819 2470 931 2554 quiin
954 2470 1118 2553 praesidio

100 2557 177 2623 urbi
200 2561 307 2642 erant,
331 2558 442 2642 oopias
466 2559 507 2622 ad
531 2557 678 2625 Clusium
700 2563 878 2626 mouerent.
922 2558 1039 2644 quibus
1064 2560 1117 2624 ad-

102 2646 223 2712 secutis
253 2647 295 2711 ad
323 2669 383 2713 sua
409 2645 610 2713 defendenda
635 2647 770 2714 Etrusci
796 2646 978 2734 Umbrique
1006 2648 1118 2714 deuer·
1137 2664 1170 2715 ao

176 2793 190 2840 1
211 2785 349 2856 spartago
359 2786 395 2840 H
407 2787 411 2856 Ι
428 2793 444 2841 3
462 2787 613 2855 comptum
630 2787 765 2842 alienum:
784 2789 819 2856 ef.
832 2787 923 2857 praef.
937 2787 988 2858 §9
1003 2788 1008 2856 Ι
1024 2793 1041 2841 4
1056 2793 1118 2843 arete

102 2857 176 2912 Mae.
194 2863 248 2913 tres
270 2858 326 2925 fere
344 2859 396 2912 litt.
416 2874 510 2913 maroe
528 2858 564 2912 H
585 2861 589 2926 Ι
619 2864 636 2912 5
654 2857 757 2914 itinera
778 2861 841 2914 eieit
858 2859 951 2914 Barth
981 2857 1117 2913 ltinerans

103 2930 147 2984 uel
164 2927 265 2984 itinere
283 2929 416 2998 temptaui
431 2930 436 2999 Ι
453 2935 469 2984 6
488 2945 506 2983 a
523 2945 574 2984 om.
585 2929 637 2998 ΗΙ
654 2935 669 2984 'l
688 2929 800 2984 utiliore
815 2933 834 2985 d
849 2933 854 3002 Ι
870 2935 886 2984 8
906 2945 929 2982 e.
948 2928 1119 2985 noluissetd

103 2999 342 3054 communicatum
359 3000 488 3069 potasset
506 2999 565 3056 Ser.
593 3015 617 3053 a.
635 3002 735 3069 potum
752 3000 881 3055 iussisset
898 3000 1001 3055 Hartel

177 3076 210 3125 10
230 3068 310 3125 Corio
329 3070 410 3126 lanus
423 3070 465 3138 H,
482 3071 529 3126 aed
538 3071 620 3141 prior
635 3086 651 3124 o
669 3072 702 3126 ia
717 3087 772 3126 roe.
787 3073 805 3126 t
821 3075 825 3139 Ι
843 3077 875 3124 12
894 3069 1040 3137 nasusque
1058 3069 1118 3138 ple·

103 3142 213 3197 biorum
231 3141 283 3209 ΗΙ
308 3146 340 3194 13
360 3140 574 3212 distringeretur
591 3143 651 3197 edd.
672 3145 676 3211 Ι
700 3147 733 3196 15
753 3141 947 3211 destringeret.
967 3140 986 3195 d
1006 3142 1010 3209 Ι
1035 3145 1070 3194 20
1089 3143 1118 3195 et

102 3213 153 3268 del.
174 3214 232 3268 edd.
250 3212 254 3282 Ι
271 3214 300 3266 et
317 3211 472 3268 'l'usoorum
487 3211 711 3280 Samnitiumque
730 3215 749 3267 d
765 3217 769 3279 Ι
794 3218 828 3266 22
847 3209 1118 3281 appenninuminate

103 3284 138 3339 H
140 3283 177 3350 P,
191 3301 239 3338 em.
253 3281 323 3338 Oad.
342 3299 376 3337 aa
394 3283 459 3338 Iria.
475 3288 520 3350 10,
533 3287 571 3340 27
590 3281 768 3354 Apenninum
782 3287 907 3338 montem
922 3283 981 3338 edd.
998 3283 1003 3355 Ι
1019 3287 1053 3338 28
1066 3283 1117 3337 lla-

102 3355 151 3410 uio
170 3354 215 3409 Η1
231 3357 236 3423 Ι
251 3354 281 3408 in
300 3354 368 3408 delet
386 3355 456 3409 Ded.
473 3358 477 3421 Ι
502 3359 538 3409 24
555 3353 633 3409 urbis
647 3355 666 3409 d
682 3357 686 3424 Ι
703 3353 738 3408 sd
758 3353 882 3409 Clusium
902 3353 980 3409 Mod.
1001 3369 1034 3408 ex
1051 3353 1117 3408 Lia.

103 3431 149 3492 10,
161 3429 201 3482 27
228 3422 364 3479 adsioium
382 3424 417 3478 H
441 3423 574 3479 adsitium
595 3425 623 3478 P
650 3425 686 3480 ad
704 3423 825 3480 Asisium
846 3425 931 3480 Tana.
948 3427 952 3494 Ι
977 3423 1117 3480 obsecutis

102 3499 147 3554 aet
164 3496 195 3551 id
214 3495 316 3552 secutis
336 3495 406 3550 Oud.
432 3497 437 3564 Ι
465 3500 500 3550 26
519 3494 603 3551 delen
621 3495 715 3551 denda
732 3494 777 3564 H,
804 3497 851 3551 aed
869 3496 951 3550 delen
969 3496 1001 3550 tn
1018 3510 1074 3550 roa.
1094 3499 1118 3548 et

103 3568 159 3623 den
177 3584 210 3623 ex
229 3568 284 3623 dan
302 3567 320 3620 b
340 3567 344 3634 Ι
366 3566 607 3622 descenderuntd
