2642 4046
199 202 242 266 80
401 201 477 257 IULI
494 200 672 258 FRONTINI
692 197 1017 255 STRATEGEMATON

198 370 231 430 et
253 365 412 431 exercitus
428 365 652 449 desperatione
674 363 884 429 aduentantis
907 361 1061 447 praesidii
1084 361 1215 447 adflige-

197 457 319 520 rentur.

265 543 295 608 3.
322 542 359 608 L.
379 541 473 608 Sulla
494 541 560 624 his,
583 541 639 627 qui
661 541 837 606 Praeneste
861 540 1109 625 obsidebantur,
1132 542 1214 610 occi·

199 652 309 696 sorum
332 633 367 695 in
388 630 513 714 proelio
536 631 654 697 ducum
677 631 786 714 capite
813 629 919 695 hastis
941 629 1084 713 praefixa
1107 634 1212 696 osterr-

162 740 179 789 c
199 719 247 784 dit
276 724 372 804 atque
395 721 442 784 ita
466 721 706 784 obstinatorum
728 717 945 802 peruicaciam
967 716 1076 803 fregit.

266 810 295 873 4.
324 809 492 873 Arminius
511 809 577 873 dux
595 807 833 874 Germanorum
856 806 966 890 capita
989 827 1110 892 eorum,
1133 829 1214 892 quos
1307 851 1308 868 2

199 897 375 980 occiderat,
408 897 559 964 similiter
589 896 736 981 praefixa
768 897 808 961 ad
836 896 961 961 uallum
987 895 1134 962 hortium
1162 897 1216 961 ad·

199 987 325 1052 moueri
348 986 454 1052 iussit.

266 1075 297 1141 5.
318 1073 483 1141 Domitius
502 1073 657 1158 Corbulo,
676 1096 751 1139 cum
765 1072 1032 1158 Tigranocertam
1051 1073 1216 1140 obsideret

147 1185 180 1234 10
200 1168 233 1229 et
255 1163 404 1229 Armenii
426 1165 636 1248 pertinaciter
663 1163 852 1228 uiderentur
879 1162 1048 1227 toleraturi
1075 1163 1215 1229 obsidio·

199 1275 287 1336 nem,
306 1253 341 1317 in
365 1253 559 1318 Vadandum
586 1274 626 1317 ex
651 1252 854 1336 megistanis,
883 1272 964 1335 quos
983 1256 1123 1335 ceperat,
1147 1252 1216 1316 ani·

200 1342 376 1406 maduertit
403 1344 564 1425 caputque
592 1341 661 1406 eius
685 1341 819 1405 ballista
842 1360 1013 1405 excussum
1035 1339 1124 1404 intra
1146 1362 1217 1406 mu-

199 1431 346 1495 nimenta
368 1430 514 1495 hostium
534 1429 634 1494 misit.
677 1429 710 1494 id
737 1429 823 1495 forte
854 1427 975 1494 decidit
1007 1427 1042 1492 in
1073 1429 1216 1494 medium
1306 1419 1308 1474 l

200 1518 388 1602 concilium,
416 1518 502 1603 quod
530 1539 603 1583 oum
631 1517 772 1582 maxime
798 1517 966 1583 habebant
996 1515 1141 1582 barbari:
1174 1518 1218 1583 ad

147 1627 179 1676 15
200 1607 291 1672 cuius
315 1609 525 1691 conspectum
543 1607 634 1671 uelut
653 1609 782 1671 ostento
802 1606 1004 1672 consternati
1023 1605 1064 1670 ad
1082 1606 1217 1672 deditio·

199 1717 273 1760 nem
296 1696 545 1760 festinauerunt.

265 1784 295 1849 6.
332 1783 562 1849 Hermocrates
591 1781 811 1868 Syracusanus
844 1782 1004 1867 superatis
1038 1785 1105 1849 acie
1139 1781 1217 1848 Car·

198 1873 460 1957 thcginiensibus
489 1873 628 1956 ueritus,
654 1894 695 1937 ne
719 1872 855 1956 captiui,
883 1893 1021 1958 quorum
1048 1873 1217 1956 ingentem

199 1982 331 2026 manum
367 1962 403 2028 in
437 1964 636 2048 potestatem
667 1961 853 2046 redegerat,
889 1983 1005 2045 parum
1041 1961 1217 2046 diligenter

146 2069 181 2118 2ο
200 2051 447 2134 custodirentur,
471 2049 592 2135 qui<a>
608 2053 742 2115 euentus
762 2050 981 2115 dimicationis
995 2050 1031 2114 in
1047 2051 1159 2134 epulas
1184 2054 1218 2114 et

200 2140 406 2205 securitatem
426 2140 618 2224 compellere
636 2140 777 2204 uictores
796 2142 935 2222 poterat,
954 2137 1048 2202 finxit
1066 2138 1217 2222 proxima
1306 2161 1307 2164 ¹

197 2225 294 2294 nocte
313 2229 492 2314 equitatum
511 2228 665 2294 hostilem
686 2231 870 2292 uenturum:
889 2249 953 2312 qua
972 2228 1217 2311 exspectatione

200 2317 370 2382 adsecutus
395 2322 457 2401 est,
479 2322 517 2382 ut
540 2318 638 2382 solito
659 2317 816 2382 attentius
834 2316 968 2401 uigiliae
987 2320 1168 2400 agerentur.

268 2408 296 2472 7.
325 2406 429 2490 Idem,
456 2407 552 2472 rebus
575 2426 729 2491 prospere
752 2405 855 2492 gestis
883 2408 916 2469 et
941 2405 983 2471 ob
1006 2405 1039 2469 id
1062 2405 1217 2471 resolutis

146 2513 181 2562 25
200 2495 267 2560 suis
291 2496 325 2560 in
347 2495 483 2560 nimiam
502 2494 707 2560 securitatem
726 2515 905 2577 somnoque
924 2498 958 2558 et
975 2515 1065 2558 mero
1084 2494 1217 2578 pressis,
1306 2507 1307 2600 l

199 2583 233 2647 in
257 2589 366 2648 castra
385 2583 572 2668 <hostium>
591 2583 795 2668 transfugam
817 2582 921 2666 misit,
944 2581 1002 2667 qui
1023 2583 1216 2667 prohiberet
1306 2607 1307 2616 ¹

200 2670 301 2754 <eo>s
329 2694 349 2735 a
371 2671 462 2756 fuga:
495 2671 671 2756 dispositas
693 2672 781 2736 enim
803 2672 924 2757 ubique
952 2693 971 2736 a
998 2669 1215 2756 Syracusanis

271 2808 381 2878 Scylla
394 2809 480 2877 ΗΡΙ
506 2809 679 2864 cArmenus
701 2809 736 2864 H
755 2808 904 2864 Armenius
928 2810 974 2882 Pl
997 2816 1030 2865 10
1056 2809 1219 2865 tolleratori

199 2880 494 2952 H¹l11uadandum
512 2880 548 2935 H
563 2879 725 2937 uaduadum
745 2880 775 2934 P
791 2879 930 2949 quendam
948 2882 967 2936 d
985 2881 1116 2936 Adduum
1144 2881 1218 2938 Ocu.

199 2954 259 3009 coll.
280 2952 345 3006 Veli.
364 2957 394 3018 2,
409 2953 487 3022 1021
513 2954 649 3008 exciditne
667 2969 754 3006 unum
773 2958 837 3007 crate
855 2951 911 3006 ex?
930 2952 965 3019 cf.
982 2968 1011 3021 p.
1031 2955 1060 3020 8,
1078 2955 1116 3007 26
1132 2953 1137 3022 l
1159 2969 1218 3008 me·

199 3021 320 3094 gistanis
339 3024 398 3078 cdd.
417 3022 589 3094 magestenis
608 3023 673 3076 ΗΡ
687 3021 890 3092 megistanibus
913 3022 982 3078 Oud.
1004 3025 1007 3094 l
1030 3028 1063 3078 12
1081 3023 1218 3078 ballistae

199 3093 234 3150 Η
244 3094 351 3150 balista
362 3093 390 3148 P
404 3094 409 3165 Ι
426 3097 530 3148 14tum
542 3096 638 3148 Ptum
649 3109 712 3147 oum
721 3095 794 3149 cdd:
813 3094 848 3161 cf.
855 3111 885 3165 p.
899 3099 964 3162 105,
979 3099 1019 3151 28
1036 3100 1039 3162 Ι
1058 3099 1090 3148 17
1106 3095 1219 3151 cartha-

199 3165 363 3235 ginensibus
379 3165 440 3221 GH
455 3163 672 3220 Atheniensibus
680 3165 739 3220 Sor.
755 3163 951 3219 Catinensibus
969 3165 1068 3220 Teum:
1082 3166 1117 3232 cf.
1123 3167 1218 3237 praef.

199 3235 220 3307 ἕ
230 3241 263 3290 11
281 3241 336 3302 120
355 3235 811 3307 quiadquiHPquodcdd.121
831 3237 963 3305 poterant
980 3236 1032 3296 ΗΙ
1048 3241 1082 3291 22
1102 3253 1174 3306 quae
1185 3237 1223 3291 H

199 3312 264 3362 cate
280 3323 337 3362 ros.
354 3308 359 3376 Ι
378 3314 412 3363 23
431 3311 463 3362 ut
482 3325 532 3363 om.
554 3307 632 3376 ΟΗΙ
652 3313 686 3362 26
704 3305 829 3362 hostium
848 3309 912 3362 cdd.
931 3306 1002 3363 Ded.
1024 3311 1029 3376 Ι
1053 3305 1221 3377 prohiberet

200 3393 247 3432 eos
271 3395 288 3432 a
311 3379 380 3448 fuga
401 3395 451 3435 roe
473 3381 650 3449 premouerct
673 3393 703 3432 ee
720 3378 789 3450 fuga
812 3374 862 3432 11¹
885 3384 1081 3449 praemoneret
1100 3396 1129 3434 se
1148 3378 1220 3448 luga

201 3448 241 3502 012
259 3454 453 3518 praemoneret
471 3467 500 3505 se
515 3451 583 3521 fuga
601 3449 713 3520 lapsum
731 3450 760 3503 P
775 3450 980 3519 praetendebat
1004 3466 1033 3504 se
1051 3448 1120 3520 fuga
1139 3451 1219 3520 elap-

200 3535 262 3573 sum
279 3521 299 3576 d
316 3522 513 3591 praemoneret
530 3521 565 3577 de
584 3521 652 3590 fuga
670 3520 805 3577 Hedicke:
831 3522 947 3589 fortorsc
961 3522 1049 3592 pluro
1071 3523 1220 3577 222222ίὰ2-

199 3596 266 3648 ruat
281 3595 286 3662 l
302 3595 336 3646 27
356 3592 430 3645 enlm
449 3592 484 3646 H
499 3593 585 3647 etiam
599 3592 627 3646 P
