2642 4046
466 195 576 250 LIBER
594 194 643 249 III.
672 193 748 252 oAP.
769 200 846 250 6-8.
1118 195 1161 259 99

146 366 265 444 terem,
297 359 353 444 qui
381 359 520 424 siccatus
546 359 737 444 ingressum
762 357 957 442 praebebat,
984 357 1098 423 urbem
1120 358 1168 422 in·

145 449 259 516 tranit.

216 537 259 619 [5.
292 535 481 603 Samiramis
499 537 653 602 aduersus
678 537 808 601 eosdem
828 534 1030 619 Babylonios
1052 535 1167 601 eodem

145 627 316 711 Euphrate
339 646 452 691 euerso
475 625 564 690 idem
587 624 704 690 fecisse
728 625 869 706 dicitur}
984 701 990 716 Ι

215 716 245 780 6.
278 712 462 780 Clisthenes
481 712 653 799 Sicyonius
676 714 807 779 ductum
832 735 989 799 aquarum
1012 713 1046 777 in
1070 713 1200 797 appi-o

145 805 222 868 dum
246 801 451 869 Crisaeorum
473 803 631 868 ferentem
655 802 756 886 rupit:
779 823 855 868 mox
878 802 1013 868 adfectis
1037 802 1092 867 siti
1115 823 1164 866 re·

147 893 256 959 stituit
278 914 396 977 aquam
419 891 562 956 elleboro
586 895 789 974 corruptam,
812 913 877 975 qua
899 913 975 956 usos
1003 890 1164 974 profluuio

144 982 270 1048 uentris
294 981 480 1045 deficientes
504 979 599 1062 cepit.

288 1153 365 1210 VIIL
393 1153 441 1208 DE
460 1151 651 1208 rulcrnnoo
671 1150 837 1208 OBSESSIS
855 1151 1012 1208 PAVORE.

215 1266 243 1329 1.
274 1262 460 1346 Philippus,
488 1283 562 1326 cum
589 1260 781 1327 Prinassum
808 1261 981 1328 castellum
1008 1261 1099 1326 nulle
1127 1262 1217 1327 uiro

145 1373 260 1438 capere
283 1355 403 1436 posset,
425 1354 547 1416 terram
572 1353 648 1415 ante
673 1351 762 1436 ipsos
784 1372 896 1416 muros
921 1345 1042 1436 egessit
1066 1351 1161 1416 simu·

146 1441 291 1525 lauitque
319 1439 374 1524 agi
401 1438 596 1505 cuniculum:
624 1440 809 1525 castellani,
841 1439 919 1524 quia
946 1439 1100 1506 subrutos
1131 1461 1165 1505 se

149 1530 384 1612 existimarant,
407 1528 607 1594 dediderunt

210 1620 241 1684 2.
272 1616 448 1701 Pelopidas
472 1615 647 1683 Thebanus
670 1617 861 1703 Magnetum
889 1618 953 1683 duo
977 1617 1099 1701 oppida
1121 1618 1163 1682 si·

143 1707 211 1772 mul
233 1709 478 1792 oppugnaturus
496 1728 561 1772 non
583 1708 638 1771 ita
653 1707 754 1792 longo
778 1707 884 1790 spatio
908 1706 1073 1790 distantia,
1096 1727 1160 1790 quo
1181 1721 1215 1772 15

143 1800 292 1880 tempore
306 1796 347 1860 ad
362 1795 500 1860 alterum
520 1817 633 1862 eorum
652 1796 827 1861 exercitum
846 1795 1053 1879 admouebat,
1071 1817 1164 1878 prae-

146 1886 247 1969 cepit,
269 1888 308 1948 ut
331 1905 371 1947 ex
393 1884 575 1968 composito
599 1884 640 1948 ab
666 1883 740 1948 aliis
764 1885 881 1949 castris
899 1887 1053 1968 quattuor
1075 1885 1164 1969 equi·

147 1975 198 2038 tes
227 1971 375 2038 coronati
405 1972 545 2036 notabili
574 1973 744 2038 alacritate
766 1971 860 2037 uelut
884 1972 1059 2037 uictoriam
1080 1994 1162 2037 nun-

145 2062 266 2126 tiantes
299 2061 458 2126 uenirent.
502 2060 540 2124 ad
572 2061 663 2125 cuius
693 2060 933 2125 simulationem
962 2060 1104 2140 curauit,
1125 2064 1164 2125 ut

144 2150 228 2214 silua
247 2170 329 2233 quae
348 2148 384 2212 in
403 2148 508 2212 medio
527 2152 600 2213 erat
621 2148 856 2232 incenderetur,
878 2149 1068 2232 praebitura
1092 2171 1160 2234 spe·
1181 2165 1215 2214 20

145 2239 228 2303 ciem
255 2236 346 2303 urbis
379 2235 535 2322 ardentis3
568 2242 739 2321 praeterea
771 2237 927 2318 quosdam
958 2238 1161 2322 captiuorum

144 2325 259 2390 habitu
278 2325 391 2390 eodem
409 2324 505 2389 iussit
522 2325 669 2410 perduoi:
693 2347 757 2410 qua
776 2326 1021 2390 adseueratione
1039 2329 1162 2409 perter-

145 2414 202 2479 riti
225 2413 281 2498 qui
305 2413 546 2498 obsidebantur,
569 2413 646 2478 dum
669 2414 704 2478 in
725 2417 819 2498 perte
841 2415 909 2479 iam
933 2436 969 2479 se
991 2418 1162 2499 superatos

146 2503 349 2585 existiment,
372 2501 564 2567 defecerunt.

210 2593 240 2656 3.
271 2589 375 2676 cyrus
398 2590 570 2656 Persarum
597 2612 669 2672 rex,
696 2591 822 2657 incluso
845 2588 1001 2657 Sardibus
1030 2590 1160 2672 Croeso,
1179 2609 1214 2659 25

144 2702 209 2766 qua
231 2683 427 2764 praeruptus
455 2701 548 2746 mons
575 2680 704 2745 nullum
733 2681 859 2747 aditum
886 2681 1090 2766 praestabat,
1119 2682 1160 2747 ad

144 2769 273 2834 moenia
300 2770 403 2834 malos
433 2770 642 2854 exaequantis
670 2769 892 2836 altitudinem.
907 2771 976 2856 iugi
1007 2771 1161 2855 subrexit,

215 2931 229 2980 1
248 2925 352 2994 prebat
369 2925 433 2994 H¹l
453 2931 469 2980 3
488 2927 638 2995 saraptam
656 2927 791 2982 alterium:
809 2928 845 2993 cs.
862 2929 952 2996 praef.
971 2927 993 2998 ἕ
1011 2931 1029 2981 9
1071 2927 1159 2982 Sami-

13 3001 14 3040 l
141 2997 218 3052 ranis
236 2997 280 3052 H¹
301 2995 462 3052 Semiramis
480 2998 499 3052 d
523 2995 529 3069 Ι
551 2996 651 3051 eodem
663 2997 714 3050 ⁸11¹
738 2999 744 3067 Ι
768 2999 882 3053 eosdem
900 2997 935 3052 Η
957 3004 962 3061 l
987 3003 1004 3051 b
1024 2996 1160 3052 Oisteues

142 3084 155 3121 s
176 3067 284 3122 aienius
294 3068 330 3122 H
331 3068 377 3135 ΡΙ
399 3073 416 3122 6
435 3065 632 3122 Cirrhaeorum
650 3067 711 3126 Ser.
726 3069 785 3123 coll.
802 3068 935 3169 Palpoea.
951 3071 1022 3134 6,13
1038 3069 1043 3136 Ι
1060 3072 1074 3121 l
1094 3084 1160 3123 usus

169 3139 204 3194 Η
220 3139 225 3208 1
251 3145 267 3194 8
286 3138 447 3193 deficientes
464 3138 581 3207 Lipsius
603 3137 801 3207 decoepientes
820 3139 855 3193 H
884 3135 1057 3208 decipientes
1075 3140 1094 3193 b
1112 3137 1160 3194 de·

143 3208 251 3279 cipiens
271 3210 300 3262 P
316 3208 487 3278 desipientes
506 3209 608 3264 Gruter

216 3286 249 3335 10
271 3278 431 3334 Prinassum
456 3279 526 3336 Oad.
545 3281 604 3335 coll.
622 3280 720 3350 Polyb.
739 3283 788 3346 16,
808 3284 850 3335 11.
885 3280 1017 3351 Polyaea.
1031 3285 1159 3349 4,1s,1

140 3351 292 3408 trinassum
303 3351 338 3406 Η
341 3352 369 3404 Ρ
382 3353 387 3420 Ι
405 3355 437 3405 11
452 3350 577 3434 adgessit
590 3352 650 3406 edd.
666 3353 671 3420 Ι
689 3356 723 3404 12
737 3350 868 3405 subrutos
880 3351 899 3406 d
917 3351 1066 3421 subruptos
1076 3352 1112 3407 H
1114 3352 1157 3423 Pl

143 3429 178 3479 18
198 3421 431 3477 existimaruntd
458 3421 658 3478 enstimabant
674 3422 745 3477 Ded.
767 3425 771 3488 1
796 3424 912 3486 suturae
930 3439 959 3478 se
977 3422 1159 3478 dediderunt.-

141 3495 177 3562 cf.
192 3495 329 3563 p.92,11
346 3494 350 3561 Ι
367 3499 401 3547 la
419 3493 504 3563 longo
518 3523 553 3534 —
567 3494 694 3564 tempore
713 3510 763 3550 om.
778 3493 823 3548 11¹
839 3495 843 3563 Ι
859 3498 894 3549 20
911 3493 1105 3564 praebiturum
1114 3492 1160 3547 Ηι

141 3565 335 3635 praebituram
352 3563 372 3618 la

962 3651 999 3708 7*
