2642 4046
196 221 263 286 140
397 221 472 276 IULI
489 221 668 276 FRONTINI
687 217 1005 274 STRATEGEMATON

194 383 304 449 Plaooi
327 381 533 468 proconsulis
553 382 759 467 excogitauit,
782 385 819 446 ut
837 381 979 446 delectos
1001 401 1039 444 ex
1062 384 1133 444 toto
1158 403 1213 446 ex-

196 473 313 555 ercitu,
341 472 397 556 qui
420 471 620 537 uelocissimi
650 471 844 535 uidebantur
867 474 900 534 et
922 468 1094 534 mediocris
1118 474 1214 534 erant

197 564 351 643 staturae,
373 560 530 644 parmulis
552 581 619 624 non
642 559 759 642 amplis
783 562 816 622 et
840 557 1006 642 galeioulis
1030 557 1212 642 gladiisque

197 670 234 713 ao
253 649 395 734 septenis
415 647 560 733 singulos
574 647 679 714 hastis
699 651 929 731 quaternorum
948 645 1076 711 oiroiter
1093 646 1213 730 pedum

161 754 177 802 5
196 739 338 802 armaret
361 758 480 820 eosque
509 736 677 801 adiunctos
706 735 869 820 equitibus
898 735 1026 800 iuberet
1047 756 1148 819 usque
1172 734 1214 800 ad

197 825 327 890 moenia
349 824 500 908 prouehi,
527 825 640 889 deinde
668 824 715 888 ibi
737 825 876 907 positos,
903 823 1024 888 nostris
1048 823 1214 907 equitibus

196 913 276 998 <se>
299 913 545 996 recipientibus,
567 914 652 978 inter
675 913 819 976 hostium
843 912 1023 995 equitatum
1045 911 1215 995 proeliari:

198 1023 262 1086 quo
291 1002 378 1067 faoto
411 1003 621 1066 uehementer
648 1004 681 1065 et
707 1001 772 1084 ipsi
800 999 957 1083 Campani
987 1000 1109 1066 adfiioti
1137 1003 1216 1064 sunt

198 1094 231 1154 et
253 1091 392 1156 maxime
410 1093 485 1175 equi
504 1112 630 1174 eorum,
656 1089 773 1174 quibus
800 1088 942 1154 turbetis
965 1110 1068 1172 prona
1090 1088 1214 1153 nostris

145 1196 179 1246 10
196 1179 335 1244 uictoria
357 1179 428 1247 fuit

265 1286 317 1352 30.
348 1284 384 1349 Ρ.
408 1283 515 1365 Soipio
543 1283 577 1347 in
600 1281 718 1366 Lydia,
750 1304 823 1347 eum
852 1281 902 1346 die
933 1303 971 1346 ao
992 1285 1087 1346 noete
1109 1281 1216 1347 imbre

199 1374 353 1439 continuo
376 1379 530 1437 uexatum
554 1372 732 1436 exereitum
750 1370 905 1436 Antiochi
927 1370 1054 1435 uideret
1075 1392 1136 1435 neo
1158 1371 1215 1436 ho·

199 1463 302 1526 mines
325 1465 455 1525 tantum
475 1463 532 1524 aut
550 1479 649 1542 equos
669 1459 812 1540 deficere,
835 1480 948 1523 uerum
971 1480 1063 1523 arens
1086 1480 1217 1543 quoque

199 1549 407 1614 madentibus
420 1548 531 1612 neruis
553 1546 715 1611 inhabiles
736 1546 851 1630 factos,
875 1547 1063 1612 exhortatus
1083 1550 1132 1611 est
1150 1547 1217 1613 fra·

148 1655 180 1704 15
199 1641 301 1718 trem,
328 1643 365 1701 ut
392 1639 522 1720 postero
550 1636 699 1720 quamuis
727 1636 882 1721 religioso
916 1635 966 1699 die
999 1636 1219 1702 committeret
1304 1681 1305 1692 l

199 1726 374 1810 proelium:
399 1747 496 1808 quam
520 1724 716 1790 sententiam
741 1727 851 1790 secuta
873 1724 1012 1789 uictoria
1035 1729 1094 1790 est.
1304 1707 1305 1764 l

266 1850 317 1914 31.
352 1846 510 1914 Catonem
537 1852 723 1914 uastantem
745 1847 939 1931 Hispaniam
966 1847 1068 1932 legati
1095 1846 1217 1932 Ilerge·

199 1943 285 2021 tum,
313 1938 369 2023 qui
397 1937 558 2002 sociorum
581 1937 720 2022 populus
749 1939 831 2016 erat,
859 1935 1006 2000 adierunt
1029 1940 1219 2002 euenerunt
1303 2011 1304 2018 ἵ

200 2049 262 2110 que
286 2026 417 2092 auxilia
453 2026 518 2110 ille,
540 2047 581 2090 ne
604 2029 661 2091 aut
682 2028 803 2111 negato
826 2024 986 2089 adiutorio
1010 2025 1115 2088 soeios
1139 2025 1217 2090 alie·

147 2132 181 2180 ao
199 2119 294 2180 naret
323 2118 380 2180 aut
412 2114 542 2179 diducto
573 2115 714 2179 exercitu
746 2114 833 2178 uires
872 2113 1052 2197 minuerat,
1082 2115 1217 2178 tertiam

199 2207 327 2288 partem
348 2204 490 2268 militum
510 2203 633 2268 cibaria
650 2223 766 2287 parare
785 2205 818 2266 et
836 2223 937 2267 naues
955 2200 1127 2267 ascendere
1151 2204 1217 2267 ius-

200 2293 260 2377 sit,
293 2292 368 2357 dato
396 2295 588 2376 praecepto,
621 2296 658 2356 ut
685 2289 856 2375 oau<sa>ti
884 2293 998 2356 uentos
1021 2291 1109 2355 retro
1132 2289 1217 2354 redi·

199 2385 287 2446 rent:
324 2381 517 2466 praecedens
554 2380 686 2444 interim
723 2379 929 2444 aduentantis
960 2377 1072 2444 auxilii
1104 2401 1218 2444 rumor

200 2473 237 2533 ut
263 2467 440 2554 Ilergetum
473 2469 629 2535 excitauit
659 2467 803 2546 animos,
834 2468 882 2532 ita
909 2466 1053 2533 hostium
1081 2467 1219 2533 oonsilia

146 2574 180 2623 at
200 2558 363 2623 discussit.

267 2664 319 2728 32.
352 2661 387 2728 Ο.
402 2660 531 2741 Caesar,
553 2684 626 2728 oum
644 2663 678 2726 in
698 2662 847 2745 partibus
866 2660 1072 2744 Pompeianis
1095 2682 1219 2747 magna

273 2879 288 2926 2
307 2872 462 2926 medioeres
483 2869 565 2938 GH!
589 2878 605 2925 3
624 2870 771 2942 galeioulis
787 2870 816 2923 P
832 2869 908 2940 galei
926 2869 1015 2924 oeulis
1034 2869 1101 2925 GH
1115 2870 1219 2940 galeri·
1303 2865 1304 2914 l

202 2943 310 2997 oulisd
336 2941 455 3014 galaulis
473 2943 531 2997 edd.
558 2945 564 3008 Ι
588 2947 605 2994 4
623 2942 715 2995 hostis
734 2941 800 2996 GH
817 2943 821 3010 Ι
847 2946 863 2994 5
882 2942 1005 2995 armaret
1022 2940 1080 2996 Sor.
1107 2957 1219 2996 armare
1303 2973 1304 3002 t

80 3049 86 3062 ·
201 3014 267 3069 GH
271 3015 299 3068 P
312 3013 415 3069 armari
428 3015 447 3070 d
462 3013 465 3084 l
481 3020 497 3068 6
511 3012 552 3066 ibi
566 3029 600 3068 eo
613 3012 704 3067 ubiH
715 3011 839 3084 lpoitos
849 3011 976 3067 Eussner
990 3009 1218 3084 positiaGHPl
1303 3019 1304 3088 1

200 3087 286 3141 uerbo
305 3083 446 3153 equitibus
465 3115 499 3125 -
518 3084 676 3153 equitatum
699 3086 850 3138 torosiore
863 3098 918 3152 pro
935 3080 1057 3137 uictoria
1074 3113 1107 3124 -
1126 3083 1219 3137 imbre

200 3159 239 3220 (a.
251 3160 371 3225 10-11)
380 3156 416 3210 H
426 3158 431 3225 Ι
449 3161 463 3210 1
478 3171 508 3209 se
522 3155 587 3210 aad.
601 3154 704 3210 Hostel
719 3155 724 3223 1
739 3151 939 3223 resipientibus
951 3153 1018 3208 GH
1032 3153 1155 3223 incipere
1168 3155 1197 3207 P
1303 3165 1304 3189 ;

201 3231 234 3280 11
254 3227 284 3282 P.
299 3244 349 3282 om.
360 3226 403 3280 H¹
422 3228 475 3281 Pre
491 3226 538 3294 ΡΙ
556 3231 590 3280 14
607 3224 735 3296 fratrem]
755 3240 819 3279 suos
833 3225 852 3279 d
867 3226 872 3293 Ι
890 3230 922 3278 15
940 3223 1197 3280 committereturol

203 3303 235 3352 12
254 3298 405 3367 ilergotum
426 3297 451 3352 G
473 3299 602 3367 rogatum
619 3296 654 3350 H
673 3296 737 3364 lege
753 3298 815 3349 tum
835 3294 882 3366 Pl
907 3302 939 3350 19
959 3300 1010 3350 aut
1030 3298 1133 3364 negato
1155 3295 1224 3350 GH

201 3368 341 3436 abnegato
358 3369 386 3422 P
402 3369 453 3422 aut
471 3369 612 3435 abnegato
630 3368 712 3434 edat
736 3373 770 3421 22
791 3364 899 3420 oaumti
917 3367 976 3422 edd.
996 3364 1073 3420 oauti
1094 3365 1160 3421 GH
1163 3366 1193 3418 P

201 3441 301 3493 uentos
319 3445 459 3508 tuaquom
476 3440 607 3509 plosaemo
625 3439 688 3492 eicit
703 3439 735 3504 d,
753 3438 869 3505 sortasse
887 3437 946 3492 coll.
966 3435 1032 3491 Lia.
1053 3441 1098 3502 34,
1113 3441 1189 3502 13,1

201 3514 235 3562 23
254 3509 400 3635 iibqppilii
420 3510 448 3564 P
467 3513 471 3576 Ι
497 3515 532 3564 24
549 3507 749 3578 utileregetum
764 3508 830 3564 GH
854 3508 897 3563 uti
914 3507 1039 3578 legatum
1057 3508 1108 3577 ΡΙ
1133 3513 1168 3562 26
1188 3506 1220 3562 0.

201 3596 251 3635 om.
