<?xml version="1.0" encoding="UTF-8"?>
<!DOCTYPE html PUBLIC "-//W3C//DTD XHTML 1.0 Transitional//EN"
    "http://www.w3.org/TR/xhtml1/DTD/xhtml1-transitional.dtd">
<html xmlns="http://www.w3.org/1999/xhtml" xml:lang="en" lang="en">
 <head>
  <title>
</title>
<meta http-equiv="Content-Type" content="text/html;charset=utf-8" />
  <meta name='ocr-system' content='tesseract 3.04.00' />
  <meta name='ocr-capabilities' content='ocr_page ocr_carea ocr_par ocr_line ocrx_word'/>
</head>
<body>
  <div class='ocr_page' id='page_1' title='image "./ivlifrontinistr02gundgoog_0091.png"; bbox 0 0 2616 4048; ppageno 0'>
   <div class='ocr_carea' id='block_1_1' title="bbox 175 183 987 270">
    <p class='ocr_par' dir='ltr' id='par_1_1' title="bbox 175 183 987 270">
     <span class='ocr_line' id='line_1_1' title="bbox 175 183 987 270; baseline -0.001 -12"><span class='ocrx_word' id='word_1_1' title='bbox 175 205 218 270; x_wconf 83' lang='lat'><strong>66</strong></span> <span class='ocrx_word' id='word_1_2' title='bbox 379 183 648 260; x_wconf 72' lang='lat' dir='ltr'><strong>surianorum</strong></span> <span class='ocrx_word' id='word_1_3' title='bbox 666 201 987 259; x_wconf 77' lang='lat' dir='ltr'><strong>srasrnusuesou</strong></span> 
     </span>
    </p>
   </div>
   <div class='ocr_carea' id='block_1_2' title="bbox 115 365 1190 1959">
    <p class='ocr_par' dir='ltr' id='par_1_2' title="bbox 115 365 1190 1959">
     <span class='ocr_line' id='line_1_2' title="bbox 171 365 1187 452; baseline -0.002 -18"><span class='ocrx_word' id='word_1_4' title='bbox 171 389 274 452; x_wconf 88' lang='lat' dir='ltr'><strong>usque</strong></span> <span class='ocrx_word' id='word_1_5' title='bbox 294 366 530 450; x_wconf 71' lang='lat' dir='ltr'><strong>admitteretur,</strong></span> <span class='ocrx_word' id='word_1_6' title='bbox 548 365 725 452; x_wconf 84' lang='lat' dir='ltr'><strong>fatigatum</strong></span> <span class='ocrx_word' id='word_1_7' title='bbox 742 365 911 432; x_wconf 84' lang='lat' dir='ltr'><strong>nocturnis</strong></span> <span class='ocrx_word' id='word_1_8' title='bbox 931 366 1187 451; x_wconf 80' lang='lat' dir='ltr'><strong>cogitationibus</strong></span> 
     </span>
     <span class='ocr_line' id='line_1_3' title="bbox 169 455 1186 540; baseline -0.003 -17"><span class='ocrx_word' id='word_1_9' title='bbox 169 456 229 523; x_wconf 92' lang='lat' dir='ltr'><strong>illo</strong></span> <span class='ocrx_word' id='word_1_10' title='bbox 252 459 399 539; x_wconf 88' lang='lat' dir='ltr'><strong>tempore</strong></span> <span class='ocrx_word' id='word_1_11' title='bbox 423 457 641 540; x_wconf 77' lang='lat' dir='ltr'><strong>quiescentem</strong></span> <span class='ocrx_word' id='word_1_12' title='bbox 663 455 801 520; x_wconf 84' lang='lat' dir='ltr'><strong>inuenit.</strong></span> <span class='ocrx_word' id='word_1_13' title='bbox 845 476 918 520; x_wconf 90' lang='lat' dir='ltr'><strong>cum</strong></span> <span class='ocrx_word' id='word_1_14' title='bbox 946 455 1075 538; x_wconf 91' lang='lat' dir='ltr'><strong>deinde,</strong></span> <span class='ocrx_word' id='word_1_15' title='bbox 1102 458 1186 520; x_wconf 91' lang='lat' dir='ltr'><strong>tam·</strong></span> 
     </span>
     <span class='ocr_line' id='line_1_4' title="bbox 171 543 1187 629; baseline 0 -20"><span class='ocrx_word' id='word_1_16' title='bbox 171 567 269 629; x_wconf 91' lang='lat' dir='ltr'><strong>qnam</strong></span> <span class='ocrx_word' id='word_1_17' title='bbox 306 544 514 610; x_wconf 79' lang='lat' dir='ltr'><strong>nuntiaturus</strong></span> <span class='ocrx_word' id='word_1_18' title='bbox 552 545 696 609; x_wconf 90' lang='lat' dir='ltr'><strong>subitum</strong></span> <span class='ocrx_word' id='word_1_19' title='bbox 733 543 861 628; x_wconf 83' lang='lat' dir='ltr'><strong>aliquid¹</strong></span> <span class='ocrx_word' id='word_1_20' title='bbox 891 565 929 608; x_wconf 91' lang='lat' dir='ltr'><strong>ac</strong></span> <span class='ocrx_word' id='word_1_21' title='bbox 960 543 1187 628; x_wconf 90' lang='lat' dir='ltr'><strong>necessarium,</strong></span> 
     </span>
     <span class='ocr_line' id='line_1_5' title="bbox 170 632 1187 716; baseline -0.002 -18"><span class='ocrx_word' id='word_1_22' title='bbox 170 635 293 698; x_wconf 90' lang='lat' dir='ltr'><strong>intrare</strong></span> <span class='ocrx_word' id='word_1_23' title='bbox 312 633 412 698; x_wconf 89' lang='lat' dir='ltr'><strong>uellet</strong></span> <span class='ocrx_word' id='word_1_24' title='bbox 431 637 464 698; x_wconf 89' lang='lat' dir='ltr'><strong>et</strong></span> <span class='ocrx_word' id='word_1_25' title='bbox 481 632 693 716; x_wconf 88' lang='lat' dir='ltr'><strong>pertinaciter</strong></span> <span class='ocrx_word' id='word_1_26' title='bbox 711 655 730 697; x_wconf 89' lang='lat' dir='ltr'><strong>a</strong></span> <span class='ocrx_word' id='word_1_27' title='bbox 745 632 846 698; x_wconf 88' lang='lat' dir='ltr'><strong>seruis</strong></span> <span class='ocrx_word' id='word_1_28' title='bbox 865 632 1048 697; x_wconf 84' lang='lat' dir='ltr'><strong>ualetudini</strong></span> <span class='ocrx_word' id='word_1_29' title='bbox 1064 632 1187 697; x_wconf 91' lang='lat' dir='ltr'><strong>domini</strong></span> 
     </span>
     <span class='ocr_line' id='line_1_6' title="bbox 134 720 1188 806; baseline -0.006 -16"><span class='ocrx_word' id='word_1_30' title='bbox 134 739 152 790; x_wconf 78' lang='lat' dir='ltr'><strong>t</strong></span> <span class='ocrx_word' id='word_1_31' title='bbox 171 722 416 788; x_wconf 84' lang='lat' dir='ltr'><strong>consulentibus</strong></span> <span class='ocrx_word' id='word_1_32' title='bbox 436 720 671 800; x_wconf 84' lang='lat' dir='ltr'><strong>excluderetur,</strong></span> <span class='ocrx_word' id='word_1_33' title='bbox 690 721 827 804; x_wconf 88' lang='lat' dir='ltr'><strong>ueritus,</strong></span> <span class='ocrx_word' id='word_1_34' title='bbox 844 741 885 785; x_wconf 89' lang='lat' dir='ltr'><strong>ne</strong></span> <span class='ocrx_word' id='word_1_35' title='bbox 904 725 1073 806; x_wconf 86' lang='lat' dir='ltr'><strong>suspectus</strong></span> <span class='ocrx_word' id='word_1_36' title='bbox 1092 723 1188 804; x_wconf 76' lang='lat' dir='ltr'><strong>esset,</strong></span> 
     </span>
     <span class='ocr_line' id='line_1_7' title="bbox 170 809 1187 895; baseline -0.002 -19"><span class='ocrx_word' id='word_1_37' title='bbox 170 810 262 895; x_wconf 90' lang='lat' dir='ltr'><strong>equis</strong></span> <span class='ocrx_word' id='word_1_38' title='bbox 292 832 372 894; x_wconf 89' lang='lat' dir='ltr'><strong>quos</strong></span> <span class='ocrx_word' id='word_1_39' title='bbox 402 814 477 875; x_wconf 88' lang='lat' dir='ltr'><strong>ante</strong></span> <span class='ocrx_word' id='word_1_40' title='bbox 504 813 633 893; x_wconf 87' lang='lat' dir='ltr'><strong>portam</strong></span> <span class='ocrx_word' id='word_1_41' title='bbox 661 813 795 893; x_wconf 86' lang='lat' dir='ltr'><strong>paratos</strong></span> <span class='ocrx_word' id='word_1_42' title='bbox 823 809 967 875; x_wconf 89' lang='lat' dir='ltr'><strong>habebat</strong></span> <span class='ocrx_word' id='word_1_43' title='bbox 993 809 1034 875; x_wconf 90' lang='lat' dir='ltr'><strong>ad</strong></span> <span class='ocrx_word' id='word_1_44' title='bbox 1057 809 1187 875; x_wconf 88' lang='lat' dir='ltr'><strong>Mithri-</strong></span> 
     </span>
     <span class='ocr_line' id='line_1_8' title="bbox 169 898 563 983; baseline -0.005 -19"><span class='ocrx_word' id='word_1_45' title='bbox 169 900 267 965; x_wconf 88' lang='lat' dir='ltr'><strong>daten</strong></span> <span class='ocrx_word' id='word_1_46' title='bbox 289 899 412 983; x_wconf 82' lang='lat' dir='ltr'><strong>refugit</strong></span> <span class='ocrx_word' id='word_1_47' title='bbox 434 898 563 964; x_wconf 87' lang='lat' dir='ltr'><strong>inritus.</strong></span> 
     </span>
     <span class='ocr_line' id='line_1_9' title="bbox 236 986 1188 1072; baseline -0.001 -19"><span class='ocrx_word' id='word_1_48' title='bbox 236 988 289 1053; x_wconf 88' lang='grc'><strong>31.</strong></span> <span class='ocrx_word' id='word_1_49' title='bbox 321 986 485 1053; x_wconf 82' lang='lat' dir='ltr'><strong>Sertorius</strong></span> <span class='ocrx_word' id='word_1_50' title='bbox 512 988 548 1052; x_wconf 94' lang='lat' dir='ltr'><strong>in</strong></span> <span class='ocrx_word' id='word_1_51' title='bbox 577 986 753 1072; x_wconf 87' lang='lat' dir='ltr'><strong>Hispania,</strong></span> <span class='ocrx_word' id='word_1_52' title='bbox 786 1007 859 1052; x_wconf 90' lang='lat' dir='ltr'><strong>cum</strong></span> <span class='ocrx_word' id='word_1_53' title='bbox 889 988 976 1070; x_wconf 90' lang='lat' dir='ltr'><strong>apud</strong></span> <span class='ocrx_word' id='word_1_54' title='bbox 1003 987 1188 1052; x_wconf 86' lang='lat' dir='ltr'><strong>Lauronem</strong></span> 
     </span>
     <span class='ocr_line' id='line_1_10' title="bbox 169 1074 1189 1162; baseline -0.002 -18"><span class='ocrx_word' id='word_1_55' title='bbox 169 1077 324 1162; x_wconf 90' lang='lat' dir='ltr'><strong>oppidum</strong></span> <span class='ocrx_word' id='word_1_56' title='bbox 347 1075 456 1142; x_wconf 89' lang='lat' dir='ltr'><strong>uicina</strong></span> <span class='ocrx_word' id='word_1_57' title='bbox 474 1079 584 1142; x_wconf 87' lang='lat' dir='ltr'><strong>cestra</strong></span> <span class='ocrx_word' id='word_1_58' title='bbox 601 1074 737 1159; x_wconf 90' lang='lat' dir='ltr'><strong>Pompei</strong></span> <span class='ocrx_word' id='word_1_59' title='bbox 756 1075 871 1140; x_wconf 77' lang='lat' dir='ltr'><strong>castris</strong></span> <span class='ocrx_word' id='word_1_60' title='bbox 894 1074 1030 1141; x_wconf 89' lang='lat' dir='ltr'><strong>haberet</strong></span> <span class='ocrx_word' id='word_1_61' title='bbox 1052 1079 1085 1140; x_wconf 89' lang='lat' dir='ltr'><strong>et</strong></span> <span class='ocrx_word' id='word_1_62' title='bbox 1105 1075 1189 1142; x_wconf 88' lang='lat' dir='ltr'><strong>duae</strong></span> 
     </span>
     <span class='ocr_line' id='line_1_11' title="bbox 115 1164 1189 1251; baseline -0.002 -19"><span class='ocrx_word' id='word_1_63' title='bbox 115 1184 151 1234; x_wconf 88' lang='lat'><strong>10</strong></span> <span class='ocrx_word' id='word_1_64' title='bbox 169 1167 397 1232; x_wconf 89' lang='lat' dir='ltr'><strong>tantummodo</strong></span> <span class='ocrx_word' id='word_1_65' title='bbox 418 1166 570 1251; x_wconf 82' lang='lat' dir='ltr'><strong>regiones</strong></span> <span class='ocrx_word' id='word_1_66' title='bbox 593 1167 714 1242; x_wconf 87' lang='lat' dir='ltr'><strong>essent,</strong></span> <span class='ocrx_word' id='word_1_67' title='bbox 738 1185 777 1229; x_wconf 88' lang='lat' dir='ltr'><strong>ex</strong></span> <span class='ocrx_word' id='word_1_68' title='bbox 800 1164 916 1248; x_wconf 91' lang='lat' dir='ltr'><strong>quibus</strong></span> <span class='ocrx_word' id='word_1_69' title='bbox 939 1165 1095 1248; x_wconf 89' lang='lat' dir='ltr'><strong>pabulum</strong></span> <span class='ocrx_word' id='word_1_70' title='bbox 1119 1165 1189 1249; x_wconf 92' lang='lat' dir='ltr'><strong>peti</strong></span> 
     </span>
     <span class='ocr_line' id='line_1_12' title="bbox 168 1253 1188 1341; baseline -0.001 -21"><span class='ocrx_word' id='word_1_71' title='bbox 168 1259 294 1341; x_wconf 87' lang='lat' dir='ltr'><strong>posset,</strong></span> <span class='ocrx_word' id='word_1_72' title='bbox 325 1277 392 1319; x_wconf 90' lang='lat' dir='ltr'><strong>una</strong></span> <span class='ocrx_word' id='word_1_73' title='bbox 421 1254 456 1320; x_wconf 90' lang='lat' dir='ltr'><strong>in</strong></span> <span class='ocrx_word' id='word_1_74' title='bbox 483 1253 681 1338; x_wconf 91' lang='lat' dir='ltr'><strong>propinquo,</strong></span> <span class='ocrx_word' id='word_1_75' title='bbox 713 1253 816 1318; x_wconf 89' lang='lat' dir='ltr'><strong>altera</strong></span> <span class='ocrx_word' id='word_1_76' title='bbox 843 1253 975 1337; x_wconf 87' lang='lat' dir='ltr'><strong>longius</strong></span> <span class='ocrx_word' id='word_1_77' title='bbox 1002 1253 1081 1337; x_wconf 85' lang='lat' dir='ltr'><strong>sita,</strong></span> <span class='ocrx_word' id='word_1_78' title='bbox 1114 1275 1188 1319; x_wconf 85' lang='lat' dir='ltr'><strong>earn</strong></span> 
     </span>
     <span class='ocr_line' id='line_1_13' title="bbox 169 1341 1190 1428; baseline 0 -20"><span class='ocrx_word' id='word_1_79' title='bbox 169 1365 252 1427; x_wconf 89' lang='lat' dir='ltr'><strong>quae</strong></span> <span class='ocrx_word' id='word_1_80' title='bbox 279 1344 314 1409; x_wconf 94' lang='lat' dir='ltr'><strong>in</strong></span> <span class='ocrx_word' id='word_1_81' title='bbox 341 1344 526 1428; x_wconf 90' lang='lat' dir='ltr'><strong>propinquo</strong></span> <span class='ocrx_word' id='word_1_82' title='bbox 554 1347 624 1407; x_wconf 89' lang='lat' dir='ltr'><strong>erat</strong></span> <span class='ocrx_word' id='word_1_83' title='bbox 651 1341 786 1407; x_wconf 90' lang='lat' dir='ltr'><strong>subinde</strong></span> <span class='ocrx_word' id='word_1_84' title='bbox 811 1364 830 1406; x_wconf 91' lang='lat' dir='ltr'><strong>a</strong></span> <span class='ocrx_word' id='word_1_85' title='bbox 852 1342 919 1407; x_wconf 93' lang='lat' dir='ltr'><strong>leui</strong></span> <span class='ocrx_word' id='word_1_86' title='bbox 947 1345 1113 1408; x_wconf 86' lang='lat' dir='ltr'><strong>armatura</strong></span> <span class='ocrx_word' id='word_1_87' title='bbox 1139 1342 1190 1408; x_wconf 92' lang='lat' dir='ltr'><strong>in·</strong></span> 
     </span>
     <span class='ocr_line' id='line_1_14' title="bbox 168 1430 1189 1517; baseline 0 -21"><span class='ocrx_word' id='word_1_88' title='bbox 168 1430 296 1517; x_wconf 87' lang='lat' dir='ltr'><strong>festari,</strong></span> <span class='ocrx_word' id='word_1_89' title='bbox 320 1431 507 1497; x_wconf 87' lang='lat' dir='ltr'><strong>ulteriorem</strong></span> <span class='ocrx_word' id='word_1_90' title='bbox 532 1434 642 1497; x_wconf 89' lang='lat' dir='ltr'><strong>antem</strong></span> <span class='ocrx_word' id='word_1_91' title='bbox 665 1431 771 1496; x_wconf 89' lang='lat' dir='ltr'><strong>uetuit</strong></span> <span class='ocrx_word' id='word_1_92' title='bbox 793 1430 835 1495; x_wconf 87' lang='lat' dir='ltr'><strong>ab</strong></span> <span class='ocrx_word' id='word_1_93' title='bbox 859 1431 927 1496; x_wconf 93' lang='lat' dir='ltr'><strong>ullo</strong></span> <span class='ocrx_word' id='word_1_94' title='bbox 948 1434 1075 1496; x_wconf 90' lang='lat' dir='ltr'><strong>armato</strong></span> <span class='ocrx_word' id='word_1_95' title='bbox 1095 1430 1189 1511; x_wconf 91' lang='lat' dir='ltr'><strong>adiri,</strong></span> 
     </span>
     <span class='ocr_line' id='line_1_15' title="bbox 169 1517 1189 1605; baseline 0 -20"><span class='ocrx_word' id='word_1_96' title='bbox 169 1519 272 1585; x_wconf 90' lang='lat' dir='ltr'><strong>donec</strong></span> <span class='ocrx_word' id='word_1_97' title='bbox 299 1521 462 1605; x_wconf 88' lang='lat' dir='ltr'><strong>persuasit</strong></span> <span class='ocrx_word' id='word_1_98' title='bbox 489 1520 698 1604; x_wconf 88' lang='lat' dir='ltr'><strong>aduersariis,</strong></span> <span class='ocrx_word' id='word_1_99' title='bbox 725 1517 879 1584; x_wconf 86' lang='lat' dir='ltr'><strong>tutiorem</strong></span> <span class='ocrx_word' id='word_1_100' title='bbox 908 1541 978 1584; x_wconf 91' lang='lat' dir='ltr'><strong>esse</strong></span> <span class='ocrx_word' id='word_1_101' title='bbox 1006 1541 1088 1605; x_wconf 90' lang='lat' dir='ltr'><strong>quae</strong></span> <span class='ocrx_word' id='word_1_102' title='bbox 1117 1524 1189 1585; x_wconf 89' lang='lat' dir='ltr'><strong>erat</strong></span> 
     </span>
     <span class='ocr_line' id='line_1_16' title="bbox 116 1606 1189 1694; baseline 0 -20"><span class='ocrx_word' id='word_1_103' title='bbox 116 1625 150 1674; x_wconf 82' lang='lat'><strong>15</strong></span> <span class='ocrx_word' id='word_1_104' title='bbox 170 1608 335 1675; x_wconf 86' lang='lat' dir='ltr'><strong>remotior.</strong></span> <span class='ocrx_word' id='word_1_105' title='bbox 370 1631 468 1694; x_wconf 92' lang='lat' dir='ltr'><strong>quam</strong></span> <span class='ocrx_word' id='word_1_106' title='bbox 496 1631 569 1674; x_wconf 91' lang='lat' dir='ltr'><strong>cum</strong></span> <span class='ocrx_word' id='word_1_107' title='bbox 597 1609 757 1694; x_wconf 88' lang='lat' dir='ltr'><strong>petissent</strong></span> <span class='ocrx_word' id='word_1_108' title='bbox 780 1606 986 1692; x_wconf 88' lang='lat' dir='ltr'><strong>Pompeiani,</strong></span> <span class='ocrx_word' id='word_1_109' title='bbox 1014 1608 1189 1674; x_wconf 90' lang='lat' dir='ltr'><strong>Octauium</strong></span> 
     </span>
     <span class='ocr_line' id='line_1_17' title="bbox 170 1696 1189 1764; baseline 0.001 -2"><span class='ocrx_word' id='word_1_110' title='bbox 170 1696 378 1763; x_wconf 82' lang='lat' dir='ltr'><strong>Graecinium</strong></span> <span class='ocrx_word' id='word_1_111' title='bbox 397 1719 470 1763; x_wconf 88' lang='lat' dir='ltr'><strong>eum</strong></span> <span class='ocrx_word' id='word_1_112' title='bbox 489 1699 599 1764; x_wconf 88' lang='lat' dir='ltr'><strong>decem</strong></span> <span class='ocrx_word' id='word_1_113' title='bbox 617 1697 807 1764; x_wconf 86' lang='lat' dir='ltr'><strong>cohortibus</strong></span> <span class='ocrx_word' id='word_1_114' title='bbox 830 1697 864 1761; x_wconf 91' lang='lat' dir='ltr'><strong>in</strong></span> <span class='ocrx_word' id='word_1_115' title='bbox 883 1718 1006 1762; x_wconf 90' lang='lat' dir='ltr'><strong>morem</strong></span> <span class='ocrx_word' id='word_1_116' title='bbox 1025 1696 1189 1763; x_wconf 88' lang='lat' dir='ltr'><strong>Romano·</strong></span> 
     </span>
     <span class='ocr_line' id='line_1_18' title="bbox 168 1784 1189 1870; baseline 0 -20"><span class='ocrx_word' id='word_1_117' title='bbox 168 1808 242 1851; x_wconf 92' lang='lat' dir='ltr'><strong>rum</strong></span> <span class='ocrx_word' id='word_1_118' title='bbox 270 1786 405 1851; x_wconf 89' lang='lat' dir='ltr'><strong>armatis</strong></span> <span class='ocrx_word' id='word_1_119' title='bbox 434 1790 467 1852; x_wconf 90' lang='lat' dir='ltr'><strong>et</strong></span> <span class='ocrx_word' id='word_1_120' title='bbox 494 1787 604 1852; x_wconf 91' lang='lat' dir='ltr'><strong>decem</strong></span> <span class='ocrx_word' id='word_1_121' title='bbox 635 1784 860 1870; x_wconf 88' lang='lat' dir='ltr'><strong>Hispanorum</strong></span> <span class='ocrx_word' id='word_1_122' title='bbox 890 1785 973 1850; x_wconf 89' lang='lat' dir='ltr'><strong>leuis</strong></span> <span class='ocrx_word' id='word_1_123' title='bbox 1002 1790 1189 1851; x_wconf 87' lang='lat' dir='ltr'><strong>armaturae</strong></span> 
     </span>
     <span class='ocr_line' id='line_1_19' title="bbox 169 1873 1189 1959; baseline 0.001 -20"><span class='ocrx_word' id='word_1_124' title='bbox 169 1878 204 1939; x_wconf 87' lang='lat' dir='ltr'><strong>et</strong></span> <span class='ocrx_word' id='word_1_125' title='bbox 226 1873 432 1958; x_wconf 85' lang='lat' dir='ltr'><strong>Tarquitium</strong></span> <span class='ocrx_word' id='word_1_126' title='bbox 454 1873 601 1940; x_wconf 90' lang='lat' dir='ltr'><strong>Priscum</strong></span> <span class='ocrx_word' id='word_1_127' title='bbox 631 1896 704 1939; x_wconf 90' lang='lat' dir='ltr'><strong>cum</strong></span> <span class='ocrx_word' id='word_1_128' title='bbox 731 1874 856 1939; x_wconf 92' lang='lat' dir='ltr'><strong>duobus</strong></span> <span class='ocrx_word' id='word_1_129' title='bbox 884 1875 1016 1940; x_wconf 89' lang='lat' dir='ltr'><strong>milibus</strong></span> <span class='ocrx_word' id='word_1_130' title='bbox 1041 1875 1189 1959; x_wconf 90' lang='lat' dir='ltr'><strong>equitum</strong></span> 
     </span>
    </p>
   </div>
   <div class='ocr_carea' id='block_1_3' title="bbox 70 1962 1307 2138">
    <p class='ocr_par' dir='ltr' id='par_1_3' title="bbox 70 1962 1307 2138">
     <span class='ocr_line' id='line_1_20' title="bbox 170 1962 1307 2056; baseline 0.001 -29"><span class='ocrx_word' id='word_1_131' title='bbox 170 1963 217 2027; x_wconf 91' lang='lat' dir='ltr'><strong>ire</strong></span> <span class='ocrx_word' id='word_1_132' title='bbox 255 1963 347 2029; x_wconf 90' lang='lat' dir='ltr'><strong>iubet</strong></span> <span class='ocrx_word' id='word_1_133' title='bbox 379 1963 421 2028; x_wconf 89' lang='lat' dir='ltr'><strong>ad</strong></span> <span class='ocrx_word' id='word_1_134' title='bbox 453 1963 589 2028; x_wconf 88' lang='lat' dir='ltr'><strong>insidias</strong></span> <span class='ocrx_word' id='word_1_135' title='bbox 622 1963 801 2028; x_wconf 72' lang='lat' dir='ltr'><strong>tendendae</strong></span> <span class='ocrx_word' id='word_1_136' title='bbox 833 1963 1090 2046; x_wconf 86' lang='lat' dir='ltr'><strong>pabulatoribus.</strong></span> <span class='ocrx_word' id='word_1_137' title='bbox 1138 1962 1189 2028; x_wconf 91' lang='lat' dir='ltr'><strong>illi</strong></span> <span class='ocrx_word' id='word_1_138' title='bbox 1302 2031 1307 2056; x_wconf 32' lang='grc' dir='ltr'>ι</span> 
     </span>
     <span class='ocr_line' id='line_1_21' title="bbox 70 2052 1307 2138; baseline -0.002 -20"><span class='ocrx_word' id='word_1_139' title='bbox 70 2061 75 2071; x_wconf 97' lang='grc'><strong><em>’</em></strong></span> <span class='ocrx_word' id='word_1_140' title='bbox 116 2069 151 2120; x_wconf 92' lang='grc' dir='ltr'>2ο</span> <span class='ocrx_word' id='word_1_141' title='bbox 171 2056 302 2117; x_wconf 87' lang='lat' dir='ltr'><strong>strenue</strong></span> <span class='ocrx_word' id='word_1_142' title='bbox 338 2053 498 2138; x_wconf 86' lang='lat' dir='ltr'><strong>imperata</strong></span> <span class='ocrx_word' id='word_1_143' title='bbox 533 2052 665 2117; x_wconf 84' lang='lat' dir='ltr'><strong>iaciunt.</strong></span> <span class='ocrx_word' id='word_1_144' title='bbox 711 2052 882 2135; x_wconf 86' lang='lat' dir='ltr'><strong>explorata</strong></span> <span class='ocrx_word' id='word_1_145' title='bbox 918 2053 1004 2117; x_wconf 91' lang='lat' dir='ltr'><strong>enim</strong></span> <span class='ocrx_word' id='word_1_146' title='bbox 1040 2053 1189 2118; x_wconf 87' lang='lat' dir='ltr'><strong>locorum</strong></span> <span class='ocrx_word' id='word_1_147' title='bbox 1304 2069 1307 2092; x_wconf 60' lang='lat'>²</span> 
     </span>
    </p>
   </div>
   <div class='ocr_carea' id='block_1_4' title="bbox 116 2139 1190 2670">
    <p class='ocr_par' dir='ltr' id='par_1_4' title="bbox 116 2139 1190 2670">
     <span class='ocr_line' id='line_1_22' title="bbox 170 2139 1189 2225; baseline 0 -19"><span class='ocrx_word' id='word_1_148' title='bbox 170 2145 302 2224; x_wconf 89' lang='lat' dir='ltr'><strong>natura,</strong></span> <span class='ocrx_word' id='word_1_149' title='bbox 325 2141 358 2205; x_wconf 93' lang='lat' dir='ltr'><strong>in</strong></span> <span class='ocrx_word' id='word_1_150' title='bbox 375 2141 485 2206; x_wconf 90' lang='lat' dir='ltr'><strong>uicina</strong></span> <span class='ocrx_word' id='word_1_151' title='bbox 504 2141 589 2206; x_wconf 89' lang='lat' dir='ltr'><strong>silua</strong></span> <span class='ocrx_word' id='word_1_152' title='bbox 606 2145 702 2207; x_wconf 89' lang='lat' dir='ltr'><strong>noete</strong></span> <span class='ocrx_word' id='word_1_153' title='bbox 720 2139 902 2225; x_wconf 88' lang='lat' dir='ltr'><strong>praedictas</strong></span> <span class='ocrx_word' id='word_1_154' title='bbox 921 2140 1032 2225; x_wconf 83' lang='lat' dir='ltr'><strong>eopiaa</strong></span> <span class='ocrx_word' id='word_1_155' title='bbox 1052 2142 1189 2206; x_wconf 90' lang='lat' dir='ltr'><strong>abscon·</strong></span> 
     </span>
     <span class='ocr_line' id='line_1_23' title="bbox 171 2227 1187 2314; baseline 0 -20"><span class='ocrx_word' id='word_1_156' title='bbox 171 2231 252 2295; x_wconf 91' lang='lat' dir='ltr'><strong>dunt</strong></span> <span class='ocrx_word' id='word_1_157' title='bbox 270 2230 327 2313; x_wconf 89' lang='lat' dir='ltr'><strong>ita,</strong></span> <span class='ocrx_word' id='word_1_158' title='bbox 343 2233 381 2295; x_wconf 89' lang='lat' dir='ltr'><strong>ut</strong></span> <span class='ocrx_word' id='word_1_159' title='bbox 398 2230 435 2295; x_wconf 93' lang='lat' dir='ltr'><strong>in</strong></span> <span class='ocrx_word' id='word_1_160' title='bbox 452 2230 559 2314; x_wconf 85' lang='lat' dir='ltr'><strong>prime</strong></span> <span class='ocrx_word' id='word_1_161' title='bbox 576 2233 671 2314; x_wconf 86' lang='lat' dir='ltr'><strong>parte</strong></span> <span class='ocrx_word' id='word_1_162' title='bbox 688 2229 778 2295; x_wconf 87' lang='lat' dir='ltr'><strong>leues</strong></span> <span class='ocrx_word' id='word_1_163' title='bbox 796 2227 979 2314; x_wconf 88' lang='lat' dir='ltr'><strong>Hispanos,</strong></span> <span class='ocrx_word' id='word_1_164' title='bbox 998 2229 1187 2314; x_wconf 88' lang='lat' dir='ltr'><strong>aptissimos</strong></span> 
     </span>
     <span class='ocr_line' id='line_1_24' title="bbox 171 2318 1189 2402; baseline -0.002 -18"><span class='ocrx_word' id='word_1_165' title='bbox 171 2318 213 2384; x_wconf 88' lang='lat' dir='ltr'><strong>ad</strong></span> <span class='ocrx_word' id='word_1_166' title='bbox 236 2319 323 2383; x_wconf 87' lang='lat' dir='ltr'><strong>furta</strong></span> <span class='ocrx_word' id='word_1_167' title='bbox 345 2319 518 2401; x_wconf 89' lang='lat' dir='ltr'><strong>bellorum,</strong></span> <span class='ocrx_word' id='word_1_168' title='bbox 545 2322 718 2402; x_wconf 89' lang='lat' dir='ltr'><strong>ponerent,</strong></span> <span class='ocrx_word' id='word_1_169' title='bbox 744 2319 843 2402; x_wconf 89' lang='lat' dir='ltr'><strong>paulo</strong></span> <span class='ocrx_word' id='word_1_170' title='bbox 871 2318 1007 2382; x_wconf 88' lang='lat' dir='ltr'><strong>interius</strong></span> <span class='ocrx_word' id='word_1_171' title='bbox 1033 2321 1189 2402; x_wconf 91' lang='lat' dir='ltr'><strong>scutatos,</strong></span> 
     </span>
     <span class='ocr_line' id='line_1_25' title="bbox 170 2407 1190 2492; baseline 0.001 -21"><span class='ocrx_word' id='word_1_172' title='bbox 170 2407 204 2471; x_wconf 92' lang='lat' dir='ltr'><strong>in</strong></span> <span class='ocrx_word' id='word_1_173' title='bbox 237 2408 457 2472; x_wconf 89' lang='lat' dir='ltr'><strong>remotissimo</strong></span> <span class='ocrx_word' id='word_1_174' title='bbox 491 2408 630 2491; x_wconf 86' lang='lat' dir='ltr'><strong>equites,</strong></span> <span class='ocrx_word' id='word_1_175' title='bbox 661 2429 703 2472; x_wconf 93' lang='lat' dir='ltr'><strong>ne</strong></span> <span class='ocrx_word' id='word_1_176' title='bbox 735 2407 866 2472; x_wconf 87' lang='lat' dir='ltr'><strong>fremitu</strong></span> <span class='ocrx_word' id='word_1_177' title='bbox 899 2427 1010 2472; x_wconf 90' lang='lat' dir='ltr'><strong>eorum</strong></span> <span class='ocrx_word' id='word_1_178' title='bbox 1042 2407 1190 2492; x_wconf 87' lang='lat' dir='ltr'><strong>cogitate</strong></span> 
     </span>
     <span class='ocr_line' id='line_1_26' title="bbox 116 2495 1188 2580; baseline 0 -20"><span class='ocrx_word' id='word_1_179' title='bbox 116 2511 151 2561; x_wconf 75' lang='lat' dir='ltr'><strong>ab</strong></span> <span class='ocrx_word' id='word_1_180' title='bbox 170 2496 397 2580; x_wconf 89' lang='lat' dir='ltr'><strong>proderentur:</strong></span> <span class='ocrx_word' id='word_1_181' title='bbox 428 2497 593 2579; x_wconf 86' lang='lat' dir='ltr'><strong>quiescere</strong></span> <span class='ocrx_word' id='word_1_182' title='bbox 621 2517 732 2561; x_wconf 87' lang='lat' dir='ltr'><strong>omnes</strong></span> <span class='ocrx_word' id='word_1_183' title='bbox 761 2496 891 2561; x_wconf 90' lang='lat' dir='ltr'><strong>silentio</strong></span> <span class='ocrx_word' id='word_1_184' title='bbox 921 2500 1050 2561; x_wconf 89' lang='lat' dir='ltr'><strong>seruato</strong></span> <span class='ocrx_word' id='word_1_185' title='bbox 1073 2497 1107 2560; x_wconf 93' lang='lat' dir='ltr'><strong>in</strong></span> <span class='ocrx_word' id='word_1_186' title='bbox 1130 2495 1188 2561; x_wconf 89' lang='lat' dir='ltr'><strong>ho·</strong></span> 
     </span>
     <span class='ocr_line' id='line_1_27' title="bbox 170 2583 1189 2670; baseline 0 -22"><span class='ocrx_word' id='word_1_187' title='bbox 170 2605 241 2648; x_wconf 93' lang='lat' dir='ltr'><strong>ram</strong></span> <span class='ocrx_word' id='word_1_188' title='bbox 261 2584 392 2649; x_wconf 88' lang='lat' dir='ltr'><strong>tertiam</strong></span> <span class='ocrx_word' id='word_1_189' title='bbox 412 2583 476 2648; x_wconf 90' lang='lat' dir='ltr'><strong>diei</strong></span> <span class='ocrx_word' id='word_1_190' title='bbox 495 2585 616 2649; x_wconf 89' lang='lat' dir='ltr'><strong>iubent.</strong></span> <span class='ocrx_word' id='word_1_191' title='bbox 649 2606 722 2649; x_wconf 88' lang='lat' dir='ltr'><strong>cum</strong></span> <span class='ocrx_word' id='word_1_192' title='bbox 742 2583 855 2650; x_wconf 89' lang='lat' dir='ltr'><strong>deinde</strong></span> <span class='ocrx_word' id='word_1_193' title='bbox 872 2583 1064 2670; x_wconf 87' lang='lat' dir='ltr'><strong>Pompeiani</strong></span> <span class='ocrx_word' id='word_1_194' title='bbox 1083 2585 1189 2650; x_wconf 86' lang='lat' dir='ltr'><strong>securi</strong></span> 
     </span>
    </p>
   </div>
   <div class='ocr_carea' id='block_1_5' title="bbox 95 2791 1190 3645">
    <p class='ocr_par' dir='ltr' id='par_1_5' title="bbox 95 2791 1190 3645">
     <span class='ocr_line' id='line_1_28' title="bbox 244 2791 1189 2865; baseline 0.004 -20"><span class='ocrx_word' id='word_1_195' title='bbox 244 2797 257 2844; x_wconf 92' lang='lat'>1</span> <span class='ocrx_word' id='word_1_196' title='bbox 278 2791 493 2847; x_wconf 88' lang='lat' dir='ltr'><strong>admitterentur</strong></span> <span class='ocrx_word' id='word_1_197' title='bbox 511 2792 562 2860; x_wconf 84' lang='grc' dir='ltr'><strong>ΗΙ</strong></span> <span class='ocrx_word' id='word_1_198' title='bbox 580 2792 800 2862; x_wconf 85' lang='lat' dir='ltr'><strong>cogitationibus</strong></span> <span class='ocrx_word' id='word_1_199' title='bbox 819 2797 837 2850; x_wconf 83' lang='lat' dir='ltr'><strong>d</strong></span> <span class='ocrx_word' id='word_1_200' title='bbox 856 2793 1046 2864; x_wconf 86' lang='lat' dir='ltr'><strong>cogitantibus</strong></span> <span class='ocrx_word' id='word_1_201' title='bbox 1061 2795 1097 2849; x_wconf 87' lang='lat' dir='ltr'><strong><em>H</em></strong></span> <span class='ocrx_word' id='word_1_202' title='bbox 1111 2794 1189 2865; x_wconf 83' lang='lat' dir='ltr'><strong>cogi-</strong></span> 
     </span>
     <span class='ocr_line' id='line_1_29' title="bbox 169 2863 1189 2935; baseline 0.002 -17"><span class='ocrx_word' id='word_1_203' title='bbox 169 2863 277 2918; x_wconf 81' lang='lat' dir='ltr'><strong>tatibus</strong></span> <span class='ocrx_word' id='word_1_204' title='bbox 296 2863 324 2916; x_wconf 93' lang='lat' dir='ltr'><strong><em>P</em></strong></span> <span class='ocrx_word' id='word_1_205' title='bbox 346 2864 350 2929; x_wconf 92' lang='grc' dir='ltr'>Ι</span> <span class='ocrx_word' id='word_1_206' title='bbox 375 2869 391 2917; x_wconf 89' lang='grc'>2</span> <span class='ocrx_word' id='word_1_207' title='bbox 411 2863 586 2931; x_wconf 71' lang='lat' dir='ltr'><strong>quiescentes</strong></span> <span class='ocrx_word' id='word_1_208' title='bbox 611 2865 669 2932; x_wconf 83' lang='lat' dir='ltr'><strong>(sed</strong></span> <span class='ocrx_word' id='word_1_209' title='bbox 687 2882 700 2918; x_wconf 91' lang='lat' dir='ltr'><strong>s</strong></span> <span class='ocrx_word' id='word_1_210' title='bbox 719 2881 779 2935; x_wconf 73' lang='lat' dir='ltr'><strong>esp.</strong></span> <span class='ocrx_word' id='word_1_211' title='bbox 798 2867 828 2932; x_wconf 82' lang='lat' dir='ltr'><strong>h)</strong></span> <span class='ocrx_word' id='word_1_212' title='bbox 847 2866 882 2920; x_wconf 89' lang='grc' dir='ltr'><em>Η</em></span> <span class='ocrx_word' id='word_1_213' title='bbox 901 2865 1076 2932; x_wconf 88' lang='lat' dir='ltr'><strong>quiescentes</strong></span> <span class='ocrx_word' id='word_1_214' title='bbox 1094 2866 1123 2921; x_wconf 87' lang='lat' dir='ltr'><strong><em>P</em></strong></span> <span class='ocrx_word' id='word_1_215' title='bbox 1145 2869 1149 2926; x_wconf 89' lang='grc' dir='ltr'>Ι</span> <span class='ocrx_word' id='word_1_216' title='bbox 1170 2872 1189 2920; x_wconf 79' lang='grc'>4</span> 
     </span>
     <span class='ocr_line' id='line_1_30' title="bbox 171 2932 1186 3006; baseline 0.003 -18"><span class='ocrx_word' id='word_1_217' title='bbox 171 2932 337 2989; x_wconf 80' lang='lat' dir='ltr'><strong>ualitudinis</strong></span> <span class='ocrx_word' id='word_1_218' title='bbox 356 2935 391 2988; x_wconf 91' lang='lat' dir='ltr'><strong><em>H</em></strong></span> <span class='ocrx_word' id='word_1_219' title='bbox 411 2937 415 3002; x_wconf 93' lang='grc' dir='ltr'>Ι</span> <span class='ocrx_word' id='word_1_220' title='bbox 439 2940 455 2989; x_wconf 84' lang='grc'><strong>6</strong></span> <span class='ocrx_word' id='word_1_221' title='bbox 473 2936 589 3003; x_wconf 87' lang='lat' dir='ltr'><strong>paratus</strong></span> <span class='ocrx_word' id='word_1_222' title='bbox 607 2935 643 2989; x_wconf 87' lang='grc' dir='ltr'><strong>Η</strong></span> <span class='ocrx_word' id='word_1_223' title='bbox 664 2937 668 3001; x_wconf 92' lang='grc' dir='ltr'>Ι</span> <span class='ocrx_word' id='word_1_224' title='bbox 693 2935 857 2991; x_wconf 80' lang='lat' dir='ltr'><strong>mitridatem</strong></span> <span class='ocrx_word' id='word_1_225' title='bbox 877 2937 912 2990; x_wconf 91' lang='lat' dir='ltr'><strong><em>H</em></strong></span> <span class='ocrx_word' id='word_1_226' title='bbox 926 2935 1121 2991; x_wconf 87' lang='lat' dir='ltr'><strong>mithridatem</strong></span> <span class='ocrx_word' id='word_1_227' title='bbox 1135 2937 1186 3006; x_wconf 88' lang='grc' dir='ltr'><strong>ΡΙ</strong></span> 
     </span>
     <span class='ocr_line' id='line_1_31' title="bbox 170 3003 1190 3076; baseline 0.003 -16"><span class='ocrx_word' id='word_1_228' title='bbox 170 3011 186 3060; x_wconf 87' lang='grc'>9</span> <span class='ocrx_word' id='word_1_229' title='bbox 205 3003 330 3076; x_wconf 89' lang='lat' dir='ltr'><strong>pompeii</strong></span> <span class='ocrx_word' id='word_1_230' title='bbox 345 3006 363 3060; x_wconf 82' lang='lat' dir='ltr'><strong>t</strong></span> <span class='ocrx_word' id='word_1_231' title='bbox 379 3009 383 3073; x_wconf 87' lang='grc' dir='ltr'>Ι</span> <span class='ocrx_word' id='word_1_232' title='bbox 402 3011 434 3059; x_wconf 88' lang='grc'>12</span> <span class='ocrx_word' id='word_1_233' title='bbox 449 3022 521 3075; x_wconf 89' lang='lat' dir='ltr'><strong>quae</strong></span> <span class='ocrx_word' id='word_1_234' title='bbox 535 3022 586 3062; x_wconf 87' lang='lat' dir='ltr'><strong>om.</strong></span> <span class='ocrx_word' id='word_1_235' title='bbox 601 3006 645 3060; x_wconf 91' lang='lat' dir='ltr'><strong>H¹</strong></span> <span class='ocrx_word' id='word_1_236' title='bbox 660 3008 665 3075; x_wconf 92' lang='grc'>1</span> <span class='ocrx_word' id='word_1_237' title='bbox 681 3005 763 3062; x_wconf 87' lang='lat' dir='ltr'><strong>iussit</strong></span> <span class='ocrx_word' id='word_1_238' title='bbox 781 3013 845 3062; x_wconf 83' lang='lat' dir='ltr'><strong>unte</strong></span> <span class='ocrx_word' id='word_1_239' title='bbox 866 3004 994 3062; x_wconf 87' lang='lat' dir='ltr'><strong>infestari</strong></span> <span class='ocrx_word' id='word_1_240' title='bbox 1013 3009 1112 3063; x_wconf 82' lang='lat' dir='ltr'><strong>addere</strong></span> <span class='ocrx_word' id='word_1_241' title='bbox 1131 3023 1190 3063; x_wconf 76' lang='lat' dir='ltr'><strong>uon</strong></span> 
     </span>
     <span class='ocr_line' id='line_1_32' title="bbox 95 3077 1186 3150; baseline 0.001 -18"><span class='ocrx_word' id='word_1_242' title='bbox 95 3111 106 3118; x_wconf 88' lang='lat'>-</span> <span class='ocrx_word' id='word_1_243' title='bbox 170 3093 255 3133; x_wconf 80' lang='lat' dir='ltr'><strong>ausus</strong></span> <span class='ocrx_word' id='word_1_244' title='bbox 267 3092 336 3144; x_wconf 82' lang='lat' dir='ltr'><strong>eum,</strong></span> <span class='ocrx_word' id='word_1_245' title='bbox 354 3079 481 3146; x_wconf 80' lang='lat' dir='ltr'><strong>quamuis</strong></span> <span class='ocrx_word' id='word_1_246' title='bbox 495 3079 568 3132; x_wconf 83' lang='lat' dir='ltr'><strong>dura</strong></span> <span class='ocrx_word' id='word_1_247' title='bbox 581 3079 618 3133; x_wconf 77' lang='lat' dir='ltr'><strong>stt</strong></span> <span class='ocrx_word' id='word_1_248' title='bbox 631 3079 735 3148; x_wconf 69' lang='lat' dir='ltr'><strong>ellipsis</strong></span> <span class='ocrx_word' id='word_1_249' title='bbox 750 3081 755 3144; x_wconf 80' lang='grc'>1</span> <span class='ocrx_word' id='word_1_250' title='bbox 773 3083 805 3131; x_wconf 84' lang='grc'><strong>13</strong></span> <span class='ocrx_word' id='word_1_251' title='bbox 825 3080 969 3133; x_wconf 87' lang='lat' dir='ltr'><strong>armatura</strong></span> <span class='ocrx_word' id='word_1_252' title='bbox 982 3079 1017 3132; x_wconf 90' lang='lat' dir='ltr'><strong><em>H</em></strong></span> <span class='ocrx_word' id='word_1_253' title='bbox 1027 3084 1090 3134; x_wconf 84' lang='lat' dir='ltr'><strong>aute</strong></span> <span class='ocrx_word' id='word_1_254' title='bbox 1108 3094 1164 3133; x_wconf 82' lang='lat' dir='ltr'><strong>rue.</strong></span> <span class='ocrx_word' id='word_1_255' title='bbox 1183 3077 1186 3150; x_wconf 74' lang='lat' dir='ltr'><strong>l</strong></span> 
     </span>
     <span class='ocr_line' id='line_1_33' title="bbox 171 3147 1188 3218; baseline 0.004 -16"><span class='ocrx_word' id='word_1_256' title='bbox 171 3153 204 3202; x_wconf 79' lang='lat'><strong>15</strong></span> <span class='ocrx_word' id='word_1_257' title='bbox 227 3147 377 3218; x_wconf 88' lang='lat' dir='ltr'><strong>petiissent</strong></span> <span class='ocrx_word' id='word_1_258' title='bbox 399 3150 418 3204; x_wconf 91' lang='lat' dir='ltr'><strong>d</strong></span> <span class='ocrx_word' id='word_1_259' title='bbox 442 3149 447 3218; x_wconf 95' lang='grc' dir='ltr'>Ι</span> <span class='ocrx_word' id='word_1_260' title='bbox 482 3153 515 3202; x_wconf 88' lang='grc'><strong>16</strong></span> <span class='ocrx_word' id='word_1_261' title='bbox 539 3149 712 3218; x_wconf 87' lang='lat' dir='ltr'><strong>graecinium</strong></span> <span class='ocrx_word' id='word_1_262' title='bbox 730 3149 764 3203; x_wconf 95' lang='lat' dir='ltr'><strong><em>H</em></strong></span> <span class='ocrx_word' id='word_1_263' title='bbox 769 3149 798 3203; x_wconf 94' lang='lat' dir='ltr'><strong><em>P</em></strong></span> <span class='ocrx_word' id='word_1_264' title='bbox 833 3149 999 3204; x_wconf 83' lang='lat' dir='ltr'><strong>Graecinum</strong></span> <span class='ocrx_word' id='word_1_265' title='bbox 1029 3149 1099 3204; x_wconf 74' lang='lat' dir='ltr'><strong>Oud-</strong></span> <span class='ocrx_word' id='word_1_266' title='bbox 1127 3150 1188 3208; x_wconf 77' lang='lat' dir='ltr'><strong>coll.</strong></span> 
     </span>
     <span class='ocr_line' id='line_1_34' title="bbox 171 3219 1189 3290; baseline 0.001 -17"><span class='ocrx_word' id='word_1_267' title='bbox 171 3219 248 3273; x_wconf 82' lang='lat' dir='ltr'><strong>Plut.</strong></span> <span class='ocrx_word' id='word_1_268' title='bbox 268 3219 337 3275; x_wconf 81' lang='lat' dir='ltr'><strong>Sert.</strong></span> <span class='ocrx_word' id='word_1_269' title='bbox 357 3224 396 3275; x_wconf 79' lang='lat'><strong>26</strong></span> <span class='ocrx_word' id='word_1_270' title='bbox 413 3220 612 3286; x_wconf 72' lang='lat' dir='ltr'><strong>{remanorum</strong></span> <span class='ocrx_word' id='word_1_271' title='bbox 626 3221 669 3274; x_wconf 78' lang='grc' dir='ltr'><strong>Η1</strong></span> <span class='ocrx_word' id='word_1_272' title='bbox 685 3223 689 3287; x_wconf 91' lang='grc'>1</span> <span class='ocrx_word' id='word_1_273' title='bbox 708 3225 739 3274; x_wconf 81' lang='grc'><strong>17</strong></span> <span class='ocrx_word' id='word_1_274' title='bbox 759 3237 777 3274; x_wconf 91' lang='lat' dir='ltr'><strong>a</strong></span> <span class='ocrx_word' id='word_1_275' title='bbox 794 3219 866 3275; x_wconf 89' lang='lat' dir='ltr'><strong>leuis</strong></span> <span class='ocrx_word' id='word_1_276' title='bbox 881 3221 915 3274; x_wconf 88' lang='lat' dir='ltr'><strong><em>H</em></strong></span> <span class='ocrx_word' id='word_1_277' title='bbox 934 3223 938 3290; x_wconf 84' lang='grc'>1</span> <span class='ocrx_word' id='word_1_278' title='bbox 962 3225 994 3274; x_wconf 87' lang='grc'><strong>18</strong></span> <span class='ocrx_word' id='word_1_279' title='bbox 1013 3219 1189 3288; x_wconf 84' lang='lat' dir='ltr'><strong>tarquinium</strong></span> 
     </span>
     <span class='ocr_line' id='line_1_35' title="bbox 171 3289 1188 3362; baseline 0.004 -19"><span class='ocrx_word' id='word_1_280' title='bbox 171 3290 205 3343; x_wconf 88' lang='lat' dir='ltr'><strong><em>H</em></strong></span> <span class='ocrx_word' id='word_1_281' title='bbox 209 3289 243 3354; x_wconf 93' lang='lat' dir='ltr'><strong>P,</strong></span> <span class='ocrx_word' id='word_1_282' title='bbox 263 3305 331 3345; x_wconf 78' lang='lat' dir='ltr'><strong>corr.</strong></span> <span class='ocrx_word' id='word_1_283' title='bbox 354 3290 424 3346; x_wconf 85' lang='lat' dir='ltr'><strong>Oud.</strong></span> <span class='ocrx_word' id='word_1_284' title='bbox 444 3307 477 3346; x_wconf 86' lang='lat' dir='ltr'><strong>ecc</strong></span> <span class='ocrx_word' id='word_1_285' title='bbox 496 3291 564 3346; x_wconf 83' lang='lat' dir='ltr'><strong>Sall.</strong></span> <span class='ocrx_word' id='word_1_286' title='bbox 584 3292 646 3346; x_wconf 69' lang='lat' dir='ltr'><strong>urst.</strong></span> <span class='ocrx_word' id='word_1_287' title='bbox 666 3295 693 3357; x_wconf 90' lang='lat'><strong>3,</strong></span> <span class='ocrx_word' id='word_1_288' title='bbox 711 3294 729 3344; x_wconf 77' lang='lat'>4</span> <span class='ocrx_word' id='word_1_289' title='bbox 746 3290 784 3344; x_wconf 91' lang='lat' dir='ltr'><strong>D.</strong></span> <span class='ocrx_word' id='word_1_290' title='bbox 810 3290 814 3361; x_wconf 88' lang='grc' dir='ltr'>Ι</span> <span class='ocrx_word' id='word_1_291' title='bbox 840 3308 902 3346; x_wconf 93' lang='lat' dir='ltr'><strong>cum</strong></span> <span class='ocrx_word' id='word_1_292' title='bbox 921 3307 971 3346; x_wconf 90' lang='lat' dir='ltr'><strong>om.</strong></span> <span class='ocrx_word' id='word_1_293' title='bbox 990 3292 1025 3345; x_wconf 89' lang='lat' dir='ltr'><strong><em>H</em></strong></span> <span class='ocrx_word' id='word_1_294' title='bbox 1046 3294 1050 3358; x_wconf 91' lang='grc' dir='ltr'>Ι</span> <span class='ocrx_word' id='word_1_295' title='bbox 1081 3297 1113 3346; x_wconf 83' lang='grc'><strong>19</strong></span> <span class='ocrx_word' id='word_1_296' title='bbox 1133 3291 1188 3362; x_wconf 87' lang='lat' dir='ltr'><strong>ire]</strong></span> 
     </span>
     <span class='ocr_line' id='line_1_36' title="bbox 169 3360 1189 3436; baseline 0.002 -21"><span class='ocrx_word' id='word_1_297' title='bbox 169 3361 249 3415; x_wconf 89' lang='lat' dir='ltr'><strong>iurae</strong></span> <span class='ocrx_word' id='word_1_298' title='bbox 267 3360 301 3412; x_wconf 91' lang='lat' dir='ltr'><strong><em>H</em></strong></span> <span class='ocrx_word' id='word_1_299' title='bbox 314 3364 318 3427; x_wconf 76' lang='grc' dir='ltr'>Ι</span> <span class='ocrx_word' id='word_1_300' title='bbox 339 3367 375 3436; x_wconf 70' lang='grc'><strong>22</strong></span> <span class='ocrx_word' id='word_1_301' title='bbox 392 3361 468 3416; x_wconf 83' lang='lat' dir='ltr'><strong>furta</strong></span> <span class='ocrx_word' id='word_1_302' title='bbox 487 3363 545 3429; x_wconf 79' lang='lat' dir='ltr'><strong>(sed</strong></span> <span class='ocrx_word' id='word_1_303' title='bbox 558 3363 616 3417; x_wconf 80' lang='lat' dir='ltr'><strong>rtb</strong></span> <span class='ocrx_word' id='word_1_304' title='bbox 633 3363 666 3417; x_wconf 77' lang='lat' dir='ltr'><strong>iu</strong></span> <span class='ocrx_word' id='word_1_305' title='bbox 682 3377 738 3417; x_wconf 83' lang='lat' dir='ltr'><strong>rua.</strong></span> <span class='ocrx_word' id='word_1_306' title='bbox 753 3363 837 3416; x_wconf 83' lang='lat' dir='ltr'><strong>trium</strong></span> <span class='ocrx_word' id='word_1_307' title='bbox 852 3363 917 3430; x_wconf 82' lang='lat' dir='ltr'><strong>litt.)</strong></span> <span class='ocrx_word' id='word_1_308' title='bbox 930 3361 964 3415; x_wconf 90' lang='lat' dir='ltr'><strong><em>H</em></strong></span> <span class='ocrx_word' id='word_1_309' title='bbox 977 3365 1033 3432; x_wconf 80' lang='grc'><strong>124</strong></span> <span class='ocrx_word' id='word_1_310' title='bbox 1050 3361 1080 3416; x_wconf 89' lang='lat' dir='ltr'><strong>in</strong></span> <span class='ocrx_word' id='word_1_311' title='bbox 1098 3377 1189 3417; x_wconf 91' lang='lat' dir='ltr'><strong>remo·</strong></span> 
     </span>
     <span class='ocr_line' id='line_1_37' title="bbox 171 3429 1188 3501; baseline 0.004 -17"><span class='ocrx_word' id='word_1_312' title='bbox 171 3429 295 3485; x_wconf 87' lang='lat' dir='ltr'><strong>tissimos</strong></span> <span class='ocrx_word' id='word_1_313' title='bbox 313 3433 358 3486; x_wconf 87' lang='lat' dir='ltr'><strong>ael</strong></span> <span class='ocrx_word' id='word_1_314' title='bbox 375 3432 440 3486; x_wconf 92' lang='lat' dir='ltr'><strong>inde</strong></span> <span class='ocrx_word' id='word_1_315' title='bbox 463 3431 666 3488; x_wconf 89' lang='lat' dir='ltr'><strong>remotissimos</strong></span> <span class='ocrx_word' id='word_1_316' title='bbox 685 3433 704 3487; x_wconf 90' lang='lat' dir='ltr'><strong>d</strong></span> <span class='ocrx_word' id='word_1_317' title='bbox 728 3436 733 3501; x_wconf 78' lang='grc' dir='ltr'>Ι</span> <span class='ocrx_word' id='word_1_318' title='bbox 763 3449 858 3488; x_wconf 89' lang='lat' dir='ltr'><strong>eorum</strong></span> <span class='ocrx_word' id='word_1_319' title='bbox 876 3434 940 3500; x_wconf 77' lang='lat' dir='ltr'><strong>aP,</strong></span> <span class='ocrx_word' id='word_1_320' title='bbox 964 3449 1015 3488; x_wconf 88' lang='lat' dir='ltr'><strong>om.</strong></span> <span class='ocrx_word' id='word_1_321' title='bbox 1034 3432 1079 3486; x_wconf 91' lang='lat' dir='ltr'><strong>H¹</strong></span> <span class='ocrx_word' id='word_1_322' title='bbox 1102 3448 1188 3500; x_wconf 90' lang='lat' dir='ltr'><strong>equo·</strong></span> 
     </span>
     <span class='ocr_line' id='line_1_38' title="bbox 170 3501 1187 3574; baseline 0.003 -19"><span class='ocrx_word' id='word_1_323' title='bbox 170 3520 232 3556; x_wconf 89' lang='lat' dir='ltr'><strong>rum</strong></span> <span class='ocrx_word' id='word_1_324' title='bbox 250 3502 289 3571; x_wconf 72' lang='lat' dir='ltr'><strong>d}</strong></span> <span class='ocrx_word' id='word_1_325' title='bbox 306 3507 340 3556; x_wconf 83' lang='grc'>26</span> <span class='ocrx_word' id='word_1_326' title='bbox 358 3501 438 3558; x_wconf 89' lang='lat' dir='ltr'><strong>iubet</strong></span> <span class='ocrx_word' id='word_1_327' title='bbox 456 3504 525 3572; x_wconf 86' lang='grc' dir='ltr'><strong>ΗΡ,</strong></span> <span class='ocrx_word' id='word_1_328' title='bbox 543 3520 611 3560; x_wconf 85' lang='lat' dir='ltr'><strong>corr.</strong></span> <span class='ocrx_word' id='word_1_329' title='bbox 626 3504 645 3559; x_wconf 87' lang='lat' dir='ltr'><strong>d</strong></span> <span class='ocrx_word' id='word_1_330' title='bbox 660 3505 665 3574; x_wconf 91' lang='grc' dir='ltr'>Ι</span> <span class='ocrx_word' id='word_1_331' title='bbox 682 3503 772 3560; x_wconf 88' lang='lat' dir='ltr'><strong>securi</strong></span> <span class='ocrx_word' id='word_1_332' title='bbox 791 3505 955 3574; x_wconf 87' lang='lat' dir='ltr'><strong>oneratique</strong></span> <span class='ocrx_word' id='word_1_333' title='bbox 973 3506 993 3560; x_wconf 85' lang='lat' dir='ltr'><strong>d</strong></span> <span class='ocrx_word' id='word_1_334' title='bbox 1011 3505 1187 3572; x_wconf 83' lang='lat' dir='ltr'><strong>scematique</strong></span> 
     </span>
     <span class='ocr_line' id='line_1_39' title="bbox 170 3573 1161 3645; baseline 0.001 -18"><span class='ocrx_word' id='word_1_335' title='bbox 170 3573 205 3627; x_wconf 89' lang='lat' dir='ltr'><strong><em>H</em></strong></span> <span class='ocrx_word' id='word_1_336' title='bbox 220 3573 311 3629; x_wconf 87' lang='lat' dir='ltr'><strong>securi</strong></span> <span class='ocrx_word' id='word_1_337' title='bbox 330 3573 476 3644; x_wconf 87' lang='lat' dir='ltr'><strong>curatique</strong></span> <span class='ocrx_word' id='word_1_338' title='bbox 490 3574 518 3628; x_wconf 91' lang='lat' dir='ltr'><strong><em>P</em></strong></span> <span class='ocrx_word' id='word_1_339' title='bbox 535 3593 554 3628; x_wconf 90' lang='lat' dir='ltr'><strong>s.</strong></span> <span class='ocrx_word' id='word_1_340' title='bbox 574 3573 742 3645; x_wconf 85' lang='lat' dir='ltr'><strong>grauatiqne</strong></span> <span class='ocrx_word' id='word_1_341' title='bbox 763 3573 848 3632; x_wconf 79' lang='lat' dir='ltr'><strong>Grou.</strong></span> <span class='ocrx_word' id='word_1_342' title='bbox 868 3595 887 3631; x_wconf 88' lang='lat' dir='ltr'><strong>s.</strong></span> <span class='ocrx_word' id='word_1_343' title='bbox 908 3575 1071 3645; x_wconf 90' lang='lat' dir='ltr'><strong>curuatique</strong></span> <span class='ocrx_word' id='word_1_344' title='bbox 1092 3574 1161 3630; x_wconf 82' lang='lat' dir='ltr'><strong>Oud.</strong></span> 
     </span>
    </p>
   </div>
   <div class='ocr_carea' id='block_1_6' title="bbox 0 0 1313 4048">
    <p class='ocr_par' dir='ltr' id='par_1_6' title="bbox 0 0 1313 4048">
     <span class='ocr_line' id='line_1_40' title="bbox 0 0 1313 4048; baseline 0 0"><span class='ocrx_word' id='word_1_345' title='bbox 0 0 1313 4048; x_wconf 95' lang='lat' dir='ltr'><strong> </strong></span> 
     </span>
    </p>
   </div>
  </div>
 </body>
</html>
