2642 4046
156 159 225 261 lOO
363 194 439 250 IULI
456 193 633 250 FRONTINI
652 192 974 251 semronmaron

161 359 279 444 quibus
298 359 473 424 simulacra
495 357 664 422 hominum
684 359 810 422 armata
828 355 948 423 Persici
970 356 1102 424 habitus
1124 359 1176 424 in-

160 451 333 533 posuerat,
364 451 527 530 noctuque
560 469 615 512 eos
643 446 748 510 monti
779 446 932 511 admouit
977 450 1047 511 tum
1070 449 1177 532 prima
1292 469 1293 474 ¹

161 538 232 602 luce
256 558 294 600 ex
318 537 423 600 altera
445 539 538 620 parte
561 557 671 600 muros
694 534 868 620 adgressus
892 534 1000 620 <est>z
1022 536 1079 600 ubi
1103 541 1176 603 orto

147 627 230 714 ,sole
254 626 427 689 simulacra
449 624 509 689 illa
531 628 732 689 armatorum
761 624 934 688 referentia
956 624 1105 690 habitum
1128 647 1177 691 re-

125 714 334 797 ofuleerunt,
366 713 520 798 oppidani
551 716 680 797 captam
706 713 822 778 urbem
845 735 865 777 a
887 717 981 798 tergo
1008 715 1176 780 credentes

156 806 194 867 et
221 803 263 868 ob
287 803 350 868 hoc
377 803 412 867 in
439 803 551 887 fugam
580 801 696 885 dilapsi
723 801 895 867 uictoriam
923 802 1074 868 hostibus
1102 825 1176 869 con·

160 897 333 958 cesserunt.

204 1065 293 1122 VIIII.
321 1064 371 1120 DE
390 1063 616 1121 INRUPTIONE
634 1062 684 1118 EX
702 1064 863 1120 DIVERSA
880 1064 1001 1120 PARTE
1022 1066 1127 1132 QUAM

504 1151 821 1210 EXSPEOTABIMUR.

110 1281 143 1331 10
231 1267 258 1328 1.
288 1263 397 1347 Scipio
421 1263 507 1348 apud
526 1261 760 1348 Carthaginem
784 1255 856 1328 sub'
870 1263 1047 1328 discessum
1068 1267 1178 1328 aestus

162 1353 334 1435 maritimi,
361 1357 488 1416 secutus
516 1353 612 1417 deum
640 1356 679 1416 ut
701 1352 830 1417 dicebat
852 1350 979 1435 ducem,
1002 1351 1043 1416 ad
1066 1375 1177 1418 muros

160 1441 251 1507 urbis
275 1441 413 1506 accessit
435 1444 468 1506 et
490 1441 625 1506 cedente
644 1444 771 1526 stagno,
795 1463 859 1526 qua
881 1463 947 1506 non
971 1441 1178 1524 exspectaba·
1294 1423 1295 1464 ³

161 1534 223 1613 tur,
246 1530 378 1616 inrupit.

156 1657 159 1662 ·
229 1619 259 1682 2.
291 1617 413 1682 Fabius
435 1616 597 1682 Maximus
621 1615 828 1683 Cunctatoris
851 1619 937 1683 tilius
962 1618 1046 1702 apud
1069 1618 1179 1702 Arpos
1294 1669 1295 1692 ,

110 1723 143 1773 15
162 1706 323 1792 praesidio
342 1705 538 1771 Hannibalis
557 1710 741 1791 occupatos,
764 1707 969 1773 considerato
992 1708 1057 1772 situ
1079 1708 1179 1788 urbis,
1294 1699 1295 1722 ¹

163 1799 327 1861 sescentos
355 1794 479 1860 milites
503 1795 642 1860 obscura
664 1799 758 1860 nocte
782 1797 886 1879 misit,
916 1795 971 1881 qui
993 1818 1051 1879 per
1074 1797 1179 1860 muni-

162 1888 230 1949 tam
263 1906 365 1967 eoque
398 1884 504 1949 minus
537 1885 739 1969 frequentem
773 1885 884 1968 oppidi
922 1888 1049 1968 partem
1081 1884 1180 1950 scalis

162 1973 267 2038 euecti
294 1974 329 2038 in
357 1995 485 2038 murum
512 1977 625 2057 portas
653 1974 856 2039 reuellereut
901 1974 937 2037 hi
964 1974 1066 2039 adiuti
1093 1974 1178 2039 deoi-

162 2063 307 2126 deutium
331 2085 490 2146 aquarum
510 2084 600 2146 sono,
623 2063 679 2148 qui
702 2063 808 2146 operis
833 2063 1005 2146 strepitum
1029 2063 1181 2128 obseura·

109 2167 143 2216 20
162 2151 237 2234 bat,
269 2151 358 2216 iussa
389 2155 562 2237 peragunt:
593 2152 664 2237 ipse
692 2150 769 2217 dato
797 2151 893 2236 signo
921 2151 963 2216 ab
992 2151 1057 2217 alia
1083 2154 1180 2236 parte

164 2240 337 2324 adgressus
361 2241 447 2324 cepit
470 2241 587 2324 Arpos.

230 2329 261 2394 3.
294 2328 328 2395 Ο.
352 2328 474 2394 Marius
497 2329 585 2394 bello
604 2327 798 2414 Iugurthino
822 2328 908 2412 apud
931 2328 1051 2393 flumen
1073 2327 1182 2394 Mulu-

163 2417 267 2501 cham,
281 2439 354 2483 cum
369 2422 574 2504 oppugnaret
592 2417 762 2482 castellum
775 2417 810 2481 iu
828 2421 938 2483 monte
953 2438 1049 2483 saxeo
1070 2419 1181 2500 situm,

164 2506 251 2589 quod
283 2529 349 2571 una
376 2513 409 2572 et
440 2511 581 2591 augusta
607 2507 724 2571 semita
754 2506 920 2590 adibatur,
952 2510 1060 2572 cetera
1087 2512 1181 2590 parte

109 2609 143 2660 25
162 2595 254 2660 uelut
277 2596 425 2660 consulto
453 2595 641 2680 praecipiti,
670 2596 823 2660 nuntiato
852 2595 915 2660 sibi
944 2616 1003 2679 per
1024 2594 1182 2679 Ligurem

163 2683 325 2768 quendam
340 2705 379 2748 ex
399 2684 529 2748 auxiliis
549 2683 715 2769 gregalem
734 2683 880 2766 militem,
902 2684 959 2767 qui
976 2685 1064 2749 forte
1083 2705 1183 2768 aqua·
1294 2713 1295 2728 ¹

162 2777 233 2836 tum
260 2792 468 2856 progressus,
498 2771 574 2836 dum
601 2793 660 2856 per
687 2794 767 2838 saxa
794 2771 915 2837 montis
939 2773 1064 2838 cocleas
1088 2772 1181 2858 legit,

163 2859 203 2925 ad
228 2882 354 2924 summa
376 2864 585 2945 peruenerat,
609 2861 698 2946 erepi
719 2882 816 2946 posse
838 2861 874 2925 in
897 2861 1076 2941 castellum,
1099 2884 1183 2945 pau-

162 2967 217 3016 oos
256 2950 458 3014 centuriones
494 2970 568 3014 oum
598 2949 812 3030 uelocissimis
848 2950 1023 3034 militibus,
1062 2951 1182 3034 quibus

234 3149 250 3197 2
270 3158 317 3198 aas
335 3143 380 3211 ΡΙ
405 3147 421 3196 3
441 3143 484 3196 est
501 3143 566 3199 odd.
586 3143 606 3197 d
621 3145 625 3207 Ι
651 3149 666 3197 9
686 3142 896 3212 asportabimur
916 3143 944 3196 P
966 3142 1143 3212 expectabis}
1161 3143 1183 3198 h

163 3213 319 3282 expectabis
333 3213 377 3268 ΗἸ
392 3214 593 3283 expectabatur
606 3213 647 3282 01
665 3219 698 3268 10
713 3213 864 3268 dissessum
879 3213 943 3268 ΗΡ
958 3214 1102 3269 decessum
1116 3231 1182 3269 coa-

162 3285 217 3338 tcr'o
233 3288 237 3351 Ι
260 3289 293 3338 16
312 3286 458 3339 sexcentos
476 3285 544 3353 bPl
561 3291 594 3340 19
614 3301 682 3339 sono
701 3301 752 3339 om.
765 3284 807 3338 Ηι
824 3289 828 3350 Ι
851 3291 885 3339 20
904 3285 940 3338 ab
960 3301 994 3340 ea
1011 3287 1091 3353 parte
1108 3285 1183 3341 Oad.

163 3355 222 3408 coll.
237 3353 303 3410 Lis.
318 3360 367 3423 24,
376 3360 426 3410 46:
444 3357 492 3412 sed
509 3357 544 3422 cf.
559 3357 651 3426 praefi
665 3356 731 3427 §11
749 3359 753 3422 Ι
770 3361 804 3410 22
822 3355 1001 3411 muluooham
1019 3357 1064 3424 ΡΙ
1080 3361 1115 3412 27
1135 3373 1183 3411 co·

163 3425 244 3480 oletis
263 3427 308 3492 ΡΙ
334 3432 368 3482 28
388 3427 459 3494 eripi
477 3427 547 3495 ΗΡ,
566 3445 613 3483 em.
633 3428 692 3482 edd.
717 3429 722 3494 1
744 3433 778 3481 29
798 3426 975 3482 centuriones
994 3427 1096 3496 quibus
1114 3443 1182 3496 per—
1294 3467 1295 3478 ,

162 3495 330 3552 lectissimos
361 3497 585 3568 (proiectissimis
610 3501 638 3566 (o
656 3515 690 3552 ac
707 3501 733 3566 r)
753 3497 798 3552 11¹
825 3497 1037 3568 perfectissimis
1054 3500 1085 3568 b)
1116 3515 1184 3554 cnm

162 3566 347 3623 uelocissimis
365 3568 503 3624 militibus
523 3571 687 3624 aeneatores
704 3569 887 3625 inmiscuerat
904 3569 982 3637 ΗΡ,
1001 3572 1164 3640 transposui
