2616 4048
213 203 255 267 14
416 202 491 258 IULI
508 202 688 257 PRONTINI
707 201 1030 257 STRATEGEMATON

210 371 279 432 tere
307 369 340 431 et
363 366 539 431 transitum
562 365 693 448 minari3
721 387 857 450 cumque
886 366 1126 450 exspectatione
1154 368 1229 432 bar·

210 457 307 521 baros
330 456 474 519 intentos
497 457 635 537 teneret,
657 454 798 519 insulam
817 454 915 539 paulo
933 455 1142 520 remotiorem
1161 458 1227 540 pri·

210 566 300 608 mum
323 543 453 629 exiguo,
477 543 591 608 deinde
614 543 736 607 maiore
758 543 920 627 praesidio
941 543 1111 627 occupavit
1128 547 1227 628 atque

210 632 285 698 inda
307 633 343 696 in
362 633 550 696 ulteriorem
567 632 671 716 ripam
690 633 884 697 transmisit:
908 632 948 697 ad
972 654 1069 716 quam
1092 655 1226 698 manum
1271 696 1275 704 ,

175 739 191 788 o
211 721 455 805 opprimendam
479 742 552 785 cum
575 720 718 785 uniuersi
742 743 775 785 se
798 721 909 785 hostes
929 720 1132 805 effudissent,
1155 715 1226 806 ips'e

210 810 313 879 libero
337 810 421 875 uado
445 814 668 895 transgressus
692 831 804 874 omnes
828 809 938 894 copias
961 809 1138 874 coniunxit.

278 899 329 964 10.
359 898 555 983 Xenophon,
582 899 769 963 ulteriorem
796 898 903 982 ripam
925 898 1089 963 Armeniis
1113 902 1226 964 tenen-

210 988 311 1070 tibus,
335 989 415 1052 duos
438 988 533 1052 iussit
556 988 669 1072 quaeri
692 986 813 1069 aditus3
838 990 871 1051 et
894 1008 966 1051 cum
985 1010 1006 1052 a
1025 986 1153 1070 (uado)
1175 987 1224 1052 in·

208 1076 326 1143 feriore
344 1077 493 1162 repulsus
507 1080 601 1160 esset,
620 1076 752 1141 transiit
770 1075 810 1141 ad
830 1075 989 1161 superius,
1008 1076 1082 1140 inde
1098 1097 1225 1160 quoque

157 1187 190 1236 10
208 1166 393 1249 prohibitus
408 1166 550 1231 hostium
564 1186 697 1231 occursu
711 1163 833 1248 repetit
846 1164 965 1229 uadum
979 1164 1125 1250 interius,
1134 1165 1225 1230 iussa

209 1254 339 1337 quidem
380 1255 521 1319 militum
560 1257 655 1336 parte
692 1252 881 1336 subsistere,
921 1255 979 1334 [et]
1018 1274 1114 1337 quae,
1150 1276 1223 1319 cum

209 1343 359 1406 Armenii
396 1343 437 1407 ad
473 1342 636 1407 inferioris
672 1341 749 1406 uadi
784 1342 921 1407 tutelam
957 1342 1129 1426 redissent,
1166 1363 1224 1426 per

209 1431 356 1514 superius
388 1430 684 1516 transgrederetur:
718 1430 878 1514 Armenii,
914 1431 1080 1495 credentes
1113 1431 1223 1496 decur-

209 1541 302 1584 suros
330 1540 457 1601 omnes,
489 1519 615 1603 decepti
647 1522 724 1583 sunt
751 1541 771 1584 a
797 1520 1053 1602 remanentibus3
1086 1519 1122 1582 hi
1149 1541 1223 1584 cum

157 1628 189 1678 15
208 1609 379 1672 resistente
397 1609 488 1672 nullo
506 1607 626 1672 uadum
645 1611 868 1692 superassent,
891 1608 1128 1673 transeuntium
1151 1630 1223 1673 suo·

208 1719 280 1760 rum
304 1697 393 1761 fuere
415 1700 684 1782 propugnatores.
1295 1759 1296 1762 ,

278 1788 327 1850 11.
359 1786 486 1868 Appius
514 1783 669 1850 Claudius
698 1785 811 1850 consul
840 1784 946 1868 primo
973 1785 1061 1850 bello
1089 1785 1223 1865 Punico,

208 1895 282 1938 cum
314 1895 334 1937 a
363 1872 467 1959 Regio
499 1872 684 1938 Messanam
721 1874 857 1938 traicere
889 1873 1044 1937 militem*
1065 1875 1223 1958 nequiret,

208 1962 467 2027 custodientibus
491 1963 609 2026 fretum
632 1962 765 2046 Poenis,
788 1962 908 2045 sparsit
931 1983 1105 2046 rumorem,
1129 1965 1223 2047 quasi

155 2051 331 2120 nobellum
363 2051 489 2116 iniussu
521 2052 633 2134 populi
664 2052 828 2134 inceptum
861 2071 973 2134 gerere
1006 2072 1072 2116 non
1102 2057 1223 2135 posset,

209 2140 407 2223 classemque
430 2141 464 2204 in
486 2138 619 2204 Italiam
647 2161 760 2203 uersus
784 2160 818 2203 se
842 2158 938 2223 agere
967 2139 1223 2206 simulauitrdi·

207 2228 329 2312 gressis
352 2228 466 2293 deinde
489 2227 623 2310 Poenis,
651 2228 706 2312 qui
729 2227 924 2311 profectioni
948 2228 1016 2292 eius
1039 2228 1223 2294 habuerant

205 2316 317 2400 fidem,
340 2319 551 2383 circumactae
573 2339 674 2381 naues
698 2317 826 2400 appulit
848 2314 985 2381 Siciliae.

276 2408 327 2472 12.
350 2405 681 2472 Lacedaemoniorum
700 2405 811 2488 duces,
835 2427 908 2470 cum
928 2403 1106 2488 Syracusas
1128 2406 1222 2470 naui-

154 2513 187 2562 15
207 2515 285 2579 gare
316 2495 535 2559 destinassent
563 2498 597 2558 et
623 2493 806 2558 Poenorum
834 2493 1029 2577 dispositam
1056 2515 1116 2577 per
1142 2494 1222 2558 litus

207 2583 345 2647 classem
363 2584 528 2666 timerent,
552 2582 662 2646 decem
680 2580 818 2645 Punicas
836 2603 952 2667 naues,
973 2604 1054 2666 quas
1074 2582 1222 2666 captiuas

205 2670 383 2753 habebant,
407 2672 510 2735 ueluti
533 2669 682 2734 uictrices
705 2670 828 2753 primas
851 2672 1016 2735 iusserunt
1034 2671 1101 2756 agi,
1126 2675 1183 2735 aut
1203 2694 1222 2735 a

206 2759 309 2823 latere
337 2759 471 2823 iunctis·
485 2762 541 2823 aut
564 2779 672 2842 puppe
695 2758 843 2842 religatis
867 2759 993 2842 <suis>:
1022 2781 1086 2844 qua
1113 2759 1222 2843 specie

206 2846 348 2930 deceptis
371 2847 491 2912 Poenis
513 2848 722 2912 transierunt.

153 2953 187 3002 30
218 3017 222 3028 Ι
274 2936 325 3000 13.
357 2934 542 3021 Philippus,
574 2958 647 3000 cum
676 2937 844 3022 angustias
873 2937 986 3019 maris,
1013 2958 1095 3020 quae
1119 2937 1222 3002 (τενὰ

277 3081 292 3130 2
311 3075 421 3129 teneret
437 3074 478 3142 H,
495 3076 542 3130 aed
555 3077 638 3144 prior
654 3078 668 3129 t
686 3078 718 3130 in
736 3092 790 3130 raa.
810 3077 930 3130 duarum
948 3075 999 3129 litt.
1019 3076 1037 3129 11
1057 3077 1061 3143 Ι
1084 3075 1170 3144 paulo
1191 3075 1226 3130 H

205 3143 1223 3217 11111111111110111111Η1811110Ρ111111001111.0111111111011010
1290 3213 1291 3218 ἵ

139 3265 142 3272 .
205 3217 331 3272 Eussner
358 3217 487 3272 citeriore
509 3217 576 3272 ΗΡ
599 3225 603 3282 Ι
633 3224 649 3271 9
674 3217 845 3286 superiorem
868 3218 926 3272 cdd.
953 3218 958 3284 Ι
985 3222 1017 3271 10
1040 3215 1220 3288 repetiitdl

204 3289 282 3342 iussa
300 3288 413 3355 quidem
434 3289 506 3343 Oad.
524 3288 655 3358 iussaque
673 3287 780 3343 ibidem
799 3288 827 3341 P
847 3288 925 3342 iussu
945 3289 1025 3357 parte
1044 3289 1151 3342 omissis
1169 3305 1223 3344 me·
1289 3245 1291 3342 1

205 3359 304 3413 diisH
316 3362 321 3428 Ι
338 3364 370 3412 11
382 3360 412 3413 et
420 3361 520 3414 deleuit
531 3359 601 3415 Ocd.
621 3363 650 3415 et
663 3376 735 3429 quae
745 3361 780 3413 H
795 3375 829 3412 ex
843 3375 899 3427 qua
909 3359 937 3411 P
951 3363 955 3427 1
974 3364 1006 3412 12
1021 3358 1204 3412 armoeniiH
1218 3359 1221 3428 Ι

204 3431 326 3484 totulam
336 3429 381 3483 Η1
402 3433 406 3499 Ι
429 3436 461 3484 11
476 3431 583 3500 Appius
600 3431 671 3486 cad.
695 3431 724 3485 P.
737 3431 772 3484 H
774 3430 813 3494 P;
832 3432 867 3497 cf.
880 3430 969 3498 praef.
984 3429 1005 3501 5
1018 3435 1052 3483 11
1070 3433 1074 3496 Ι
1097 3433 1129 3483 18
1149 3446 1223 3486 mes·

205 3517 275 3555 sana
291 3503 330 3571 111
351 3507 384 3555 22
404 3500 578 3571 profectione
593 3501 627 3555 H
639 3505 644 3570 Ι
665 3506 698 3556 25
718 3519 769 3572 per
786 3501 854 3556 litus
866 3501 981 3557 Oascab.
1000 3500 1113 3570 penitus
1127 3499 1163 3553 H
1167 3500 1197 3554 P
1196 3501 1225 3624 lp

205 3577 239 3627 28
267 3573 324 3627 suis
353 3574 416 3628 add.
443 3572 527 3628 Tana.
553 3572 616 3626 aliis
639 3573 703 3629 add.
728 3574 747 3627 d
776 3577 780 3640 Ι
810 3578 844 3627 30
870 3574 957 3628 (Στενὰ
979 3588 1029 3627 nos
1052 3571 1132 3626 ciena
1156 3571 1192 3625 H
