2642 4046
195 169 240 235 94
402 171 479 226 IULI
497 169 677 226 saonam
696 167 1017 226 amnesamnes

194 353 329 420 egresso
348 334 414 420 ipsi
428 355 525 418 apros
545 333 850 418 subministrabant,
868 355 949 418 quos
967 333 1025 396 ille
1041 335 1212 417 tamquam

194 444 235 488 ex
258 427 395 509 captura
416 421 512 488 Liuio
535 423 682 508 offerret3
708 424 805 507 idque
832 445 906 488 cum
934 421 1063 507 saepius
1084 421 1213 489 iactum

194 515 282 578 esset
305 515 338 578 et
360 511 433 579 ideo
452 512 561 577 miuus
584 512 822 595 obseruarctur,
844 511 986 596 quadam
1006 513 1103 576 noete
1119 509 1212 577 Hau·

193 600 285 666 nibal
311 605 504 666 aenatorum
530 600 648 667 habitu
669 601 797 668 Poenos
820 601 995 666 eomihbus
1022 599 1092 666 eius
1114 600 1211 666 inmi-
1286 644 1287 653 κ

158 709 175 758 a
194 689 292 756 scuit:
316 689 373 774 qui
392 711 466 756 cum
487 691 597 756 onusti
614 691 789 757 uenatione
807 712 907 775 quam
923 689 1073 755 ferebant
1088 691 1211 774 recepti

193 781 305 844 cuent
332 800 352 843 a
378 778 587 866 custodibus,
616 781 767 866 protinus
797 801 854 844 eos
881 779 989 845 adorti
1016 777 1211 844 oeciderunt
1288 836 1289 852 2

192 869 264 932 tam
300 866 406 933 fracta
441 871 538 952 porta
570 868 733 935 admissus
765 891 840 934 cum
871 868 1014 934 exemitu
1042 865 1210 932 Hannibal

114 999 118 1006 ·
193 977 307 1022 omues
329 955 497 1023 Romanos
520 958 701 1042 interfecit,
723 958 867 1043 exceptis
890 957 944 1022 hie
967 958 1023 1042 qui
1043 957 1079 1021 in
1101 977 1210 1021 arcem

191 1044 414 1132 profugerant

141 1153 174 1204 ιο
261 1135 291 1200 7.
322 1133 536 1220 Lysimachus
559 1157 616 1202 rex
629 1135 853 1218 Macedonum,
876 1157 950 1200 eum
967 1133 1128 1220 Ephesios
1151 1155 1208 1218 op

192 1226 355 1308 pugnaret
373 1223 476 1289 atilli
493 1225 530 1289 in
548 1226 671 1292 auxilio
694 1225 854 1290 haberent
871 1223 1081 1289 Mandronem
1105 1222 1209 1286 archi·

192 1311 344 1394 piratam,
367 1312 424 1396 qui
445 1313 638 1398 pleramque
660 1317 811 1379 oneratas
834 1313 956 1398 praeda
978 1334 1078 1377 naues
1099 1310 1209 1396 Ephe-

193 1419 266 1464 sum
299 1400 503 1486 appellabat,
535 1408 688 1488 corrupto
716 1404 747 1468 ei
779 1402 820 1467 ad
851 1401 1071 1487 proditionem
1101 1401 1210 1464 iunxit

192 1487 390 1554 fortissimos
419 1487 649 1575 Macedonum,
681 1514 763 1577 quos
789 1491 845 1556 ille
873 1491 1033 1556 restrictis
1058 1488 1209 1562 manibus

143 1593 174 1644 15
192 1597 252 1660 pro
277 1576 417 1661 captiuis
439 1577 609 1664 Ephesum
635 1581 871 1646 introduceret:
898 1583 1015 1664 postea
1042 1577 1146 1662 raptis
1169 1599 1208 1641 ex

194 1685 267 1731 arce
290 1666 390 1731 armis
413 1667 527 1732 urbem
550 1667 745 1754 Lysimacho
767 1669 983 1735 tradiderunt

226 1838 288 1896 1111.
314 1840 388 1896 Pas
406 1840 505 1908 Ques
523 1841 665 1898 HOSTES
683 1843 734 1899 An
752 1843 910 1900 INOPIAM
927 1839 1177 1898 saulaumon.

259 1947 288 2014 1.
317 1948 438 2015 Fabius
452 1950 614 2018 Maximus
632 1956 772 2019 uastatis
792 1954 1031 2038 Campanorum
1050 1951 1149 2036 agris,
1167 1972 1208 2015 ne
1295 1995 1296 2074 ,

192 2037 270 2122 quid
293 2039 340 2104 eis
360 2039 401 2104 ad
420 2039 571 2107 fiduciam
589 2043 767 2109 obsidionis
788 2047 981 2129 superesset,
1003 2041 1137 2107 recessit
1159 2061 1206 2106 se·

138 2143 171 2194 2ο
190 2127 310 2192 mentis
334 2131 493 2214 tempora,
520 2135 557 2195 ut
584 2132 783 2197 frumentum
814 2132 901 2217 quod
923 2132 1086 2216 reliquum
1107 2128 1207 2194 habe·
1293 2085 1296 2222 i

191 2214 272 2281 bant
302 2217 339 2283 in
371 2218 514 2284 sationes
547 2219 743 2286 conferrent:
771 2243 921 2287 reuersus
948 2220 1065 2285 deinde
1091 2223 1208 2283 renata

190 2305 346 2389 protriuit
368 2310 401 2372 et
423 2306 465 2372 ad
487 2307 607 2375 famem
630 2308 769 2375 redactis
793 2311 919 2395 potitus
943 2313 1002 2374 est.

258 2394 303 2475 [2.
334 2394 520 2481 Antigonus
544 2398 700 2463 aduersus
723 2397 941 2465 Athenienses
963 2398 1051 2462 idem
1073 2393 1174 2476 fecit]

257 2482 287 2547 3.
319 2482 508 2568 Dionysius,
532 2487 645 2552 multis
670 2486 806 2552 urbibus
829 2487 943 2572 captis,
966 2508 1039 2552 eum
1061 2484 1205 2570 Reginos

137 2585 170 2638 ab
191 2569 324 2656 adgredi
342 2573 450 2656 uellet,
468 2573 525 2659 qui
540 2575 642 2658 copiis
658 2575 875 2661 abundabant,
894 2575 1073 2641 simulabat
1090 2594 1206 2657 pacem

188 2659 346 2744 petiitque
367 2660 488 2745 abeis,
515 2665 553 2726 ut
581 2668 780 2729 commeatus
811 2665 967 2731 exercitui
990 2663 1092 2748 ipsius
1121 2683 1207 2726 sum·

189 2744 427 2813 ministrarent:
457 2750 542 2833 quod
571 2773 646 2817 cum
672 2753 890 2840 inpetrasset,
924 2753 1081 2819 exhausto
1115 2750 1206 2836 oppi-

262 2915 275 2960 1
295 2907 304 2960 i
326 2923 356 2962 se
374 2924 400 2962 a.
419 2906 651 2990 subministrabat
668 2911 688 2966 d
703 2911 707 2980 t
723 2915 740 2964 2
759 2909 871 2966 efferret
890 2910 987 2979 GbPl
1005 2914 1020 2965 ⁷
1038 2909 1116 2964 facta
1129 2906 1205 2963 (ΠΡ

72 3027 79 3034 .
187 2975 300 3046 patefac
345 2979 388 3048 bl
413 2983 480 3033 811s
497 2978 576 3051 01³1
602 2986 618 3035 9
641 2981 825 3052 profugerant
843 2981 871 3037 G
887 2981 1019 3053 fugerant
1042 2980 1087 3035 ΗῚ
1109 2977 1206 3061 perfu-

187 3050 289 3118 gerant
306 3049 375 3120 ῙιΡΙ
392 3055 423 3152 1¹1
438 3041 642 3178 ffldroffl
655 3053 808 3180 {Athpuiveo
814 3053 959 3179 alr'tuzlyffin.
978 3055 1004 3121 5,
1022 3055 1059 3107 19
1083 3050 1088 3122 Ι
1114 3050 1206 3106 nohu-

187 3121 475 3262 pmtlvimindddpiism
489 3139 623 3278 redditur
637 3141 682 3249 aH¹
697 3196 701 3265 Ι
718 3124 750 3250 ti
767 3195 869 3278 cenato
882 3195 918 3250 Η
930 3197 934 3263 l
951 3200 985 3249 22
1004 3190 1123 3277 protiuit
1136 3189 1182 3245 Η1
1200 3191 1205 3260 Ι

187 3260 1034 3409 titionibusstituitttttttffttittt
1052 3266 1207 3402 {mit

187 3401 325 3486 aticum
340 3405 374 3472 cf.
387 3407 477 3488 praef.
491 3406 539 3478 §9
556 3410 560 3473 Ι
576 3412 611 3462 24
625 3353 812 3491 Diodisiusdi
827 3410 831 3478 Ι
847 3410 979 3491 regiones
996 3406 1032 3462 H
1044 3408 1048 3472 Ι
1065 3410 1099 3460 26
1118 3403 1206 3458 simu-

185 3472 448 3602 Minnlirdfflm
469 3479 528 3534 edd.
554 3482 558 3546 Ι
582 3484 616 3533 26
635 3480 773 3548 petatque
795 3481 855 3536 edd.
873 3481 1000 3550 petitque
1019 3477 1099 3546 ΗΡΙ
1130 3491 1207 3529 sum·
