2616 4048
426 205 536 260 LIBER
553 205 575 258 Ι.
605 205 681 261 CAP.
701 211 780 260 4-5.
1068 206 1110 270 15

96 371 315 456 appellantur,
337 368 586 454 transnauigare
609 371 743 452 propter
762 368 1011 433 Atheniensium
1031 369 1110 434 clas-

96 483 175 541 sem,
192 480 274 543 quae
293 457 574 542 opportunitatem
593 457 657 521 loci
676 456 889 541 custodiebat,
906 479 973 521 non
991 460 1110 540 posset,

95 549 226 702 {sibl
244 545 623 701 tristitiis-u
638 544 1110 699 tlltsstlsttltt?

95 746 177 810 quaa
205 656 247 790 ui
270 724 429 810 epistulae
455 657 724 807 mlerciperintur
757 722 798 787 ab
829 724 938 808 hoste,
970 723 1145 787 curauit:c

95 815 325 895 Athenienses,
355 831 475 878 arcana
498 811 712 876 Macedonum
738 812 901 896 excepisse
925 810 1001 892 uisi,
1029 811 1109 876 clas-

95 924 164 967 sem
187 901 405 986 abduxerunt,
429 901 601 984 Philippus
619 899 712 966 nullo
731 899 923 984 prohibente
943 901 1110 984 angustias

94 991 171 1056 freti
193 990 356 1058 liberauit.
786 1045 788 1050 .

165 1081 237 1146 13a.
259 1079 361 1161 Idem,
374 1077 450 1161 quia
465 1075 731 1161 Cherronessum,
744 1096 826 1159 quae
840 1076 920 1140 iuris
936 1074 1111 1140 Athenien-

96 1168 180 1233 sium
196 1170 275 1249 erat,
294 1187 452 1249 occupare
470 1165 712 1248 prohibebatur,
730 1164 918 1229 tenentibus
937 1165 1110 1229 transitum
1130 1183 1162 1231 10

93 1278 162 1320 non
184 1254 417 1338 Byzantiorum
445 1255 588 1337 tantum,
616 1253 673 1318 sed
695 1251 897 1318 Rhodiorum
924 1275 1050 1338 quoquc
1078 1257 1111 1317 et

96 1341 254 1406 Chiorum
276 1340 428 1424 nauibus,
451 1341 638 1406 conciliauit
662 1341 787 1407 animos
812 1363 923 1406 corum
945 1341 1109 1407 reddendo

95 1453 207 1509 naues,
220 1451 301 1514 quas
314 1434 452 1514 ceperat,
466 1430 558 1514 quasi
573 1434 754 1514 sequestres
768 1430 897 1496 futuros
912 1430 1110 1496 ordinandae

93 1520 186 1604 pacis
208 1519 294 1583 inter
317 1539 350 1583 se
370 1521 467 1603 atque
486 1519 679 1604 Byzantios,
702 1519 758 1604 qui
782 1542 880 1585 eausa
902 1519 981 1584 belli
1004 1523 1109 1584 erant:

93 1613 265 1692 tractaque
287 1629 346 1690 per
368 1628 522 1692 magnum
550 1613 678 1692 tempus
706 1609 941 1694 postulatione,
972 1631 1046 1673 cum
1070 1606 1161 1673 de1s

92 1697 254 1762 industria
287 1696 423 1761 subinde
456 1697 578 1781 aliquid
608 1699 642 1762 in
670 1698 912 1762 condicionibus
939 1701 1109 1778 retexeret,

92 1788 232 1852 classem
254 1806 312 1870 per
335 1785 368 1849 id
391 1789 520 1869 tempus
539 1785 748 1868 praeparauit
766 1785 866 1870 eaque
885 1787 919 1850 in
939 1786 1108 1870 angustias

91 1875 168 1939 freti
190 1874 341 1956 inparato
364 1872 459 1939 hoste
483 1875 609 1938 subitus
633 1875 745 1938 euasit.

162 1962 214 2028 14.
244 1959 402 2026 Chabrias
431 1960 654 2045 Atheniensis,
683 1982 756 2026 cum
783 1961 871 2026 adire
898 1965 1031 2045 portum
1054 1959 1109 2026 Sa·

92 2051 234 2116 miorum
253 2051 405 2114 obstante
423 2049 535 2114 nauali
552 2049 698 2114 hostium
720 2049 881 2132 praesidio
902 2071 970 2114 non
987 2053 1108 2133 posset,
1127 2067 1161 2116 20

91 2160 213 2222 paucas
242 2158 259 2201 e
284 2137 351 2201 suis
379 2137 519 2201 nauibus
546 2141 676 2220 praeter
702 2140 834 2219 portum
865 2137 980 2202 missas
1013 2137 1109 2202 iussit

91 2225 250 2306 transire,
273 2224 464 2306 arbitratus,
493 2224 549 2306 qui
571 2225 606 2287 in
630 2224 770 2288 statione
794 2228 898 2307 erant,-
926 2229 1109 2307 persecutu-

92 2333 163 2377 ros:
186 2310 302 2394 hisque
321 2331 380 2392 per
398 2310 459 2374 hoc
478 2311 651 2376 consilium
671 2311 825 2394 euocatis,
846 2312 939 2375 nullo
958 2311 1109 2376 obstante

92 2404 227 2484 portum
251 2420 324 2464 cum
346 2398 470 2482 reliqua
493 2398 629 2482 adeptus
653 2403 704 2464 est
726 2398 837 2464 classe.

197 2625 229 2680 V.
257 2625 306 2680 Da
325 2624 527 2681 EVADENDO
546 2624 596 2679 EX
613 2624 718 2680 LOCIS
736 2624 999 2684 DIFFICILLIMIS.
1126 2638 1159 2688 25

162 2754 190 2818 1.
214 2750 250 2827 Q.
267 2750 428 2819 Sertorius
452 2753 488 2816 in
510 2752 683 2838 Hispania,
707 2776 778 2820 cum
802 2777 822 2819 a
844 2757 938 2841 tergo
963 2755 1106 2820 instante

89 2842 186 2906 hoste
210 2840 329 2906 fiumen
352 2841 489 2906 traicere
511 2841 660 2927 haueret,
682 2843 807 2908 uallum
829 2843 866 2907 in
887 2844 960 2928 ripa
980 2845 1048 2909 eius
1071 2845 1107 2908 in

89 2999 220 3067 Cyaneae
239 2999 297 3053 edd.
325 2997 478 3067 Abydenae
500 2997 585 3067 0ad.‚·
613 3000 648 3066 cf.
673 2999 885 3071 praef.§141
910 3005 927 3053 4
949 3000 1106 3054 interfectis

88 3069 244 3135 Herelius!
268 3070 301 3121 ut
320 3085 395 3137 sequ.
411 3069 456 3136 ΡΙ
483 3074 623 3137 oquaee
646 3112 652 3125 .
672 3070 704 3124 ut
723 3072 781 3126 edd.
802 3069 808 3141 Ι
831 3069 1052 3140 languetiisH
1090 3077 1105 3125 9

89 3138 157 3208 quia
176 3139 243 3193 ΗΡ
268 3155 332 3194 cnm
350 3140 385 3208 d;
403 3140 437 3206 cs.
457 3144 502 3208 13,
516 3144 556 3196 28
578 3144 582 3207 l
607 3089 817 3196 cherronesaum
841 3143 965 3209 (cheron.
984 3142 1021 3209 P)
1072 3142 1106 3209 P,

88 3212 124 3278 cf.
139 3213 259 3279 2,5,42
284 3213 289 3278 1
319 3216 352 3265 10
371 3211 567 3280 prohiberetur
580 3211 655 3278 HP,
673 3228 742 3267 corr.
761 3214 795 3278 ἀς
813 3213 848 3279 cf.
863 3215 982 3280 racc}
1012 3218 1045 3266 11
1064 3211 1106 3266 bi·

87 3283 213 3336 zantium
227 3280 298 3348 HP,
316 3296 386 3336 corr.
405 3283 444 3351 dt
467 3288 499 3336 13
518 3282 626 3337 futurae
645 3284 684 3351 dl
706 3289 739 3337 14
757 3282 894 3338 bizantios
913 3282 996 3351 ΗΡΙ
1019 3287 1052 3336 15
1072 3284 1106 3337 de

88 3369 140 3408 cm.
160 3352 207 3421 ΡΙ
234 3357 267 3406 16
286 3353 425 3407 retexeret
443 3369 493 3408 om.
508 3353 554 3406 H¹
573 3357 578 3422 Ι
604 3359 637 3408 18
656 3353 761 3408 inuasit
774 3355 875 3408 Hcrtel
890 3357 895 3422 1
913 3359 945 3407 19
965 3354 1107 3408 saniorum

89 3423 125 3478 Η
140 3429 206 3478 acte
223 3439 293 3478 corr.
315 3425 319 3489 Ι
343 3427 376 3476 23
395 3423 485 3492 iisque
504 3425 563 3478 edd.

165 3499 200 3549 25
224 3493 271 3564 ex]
298 3493 332 3548 dc
351 3492 386 3548 Η
407 3498 411 3562 Ι
436 3501 470 3549 27
494 3495 611 3549 haueret
635 3495 736 3548 Hartet
767 3494 885 3548 haberet
902 3495 936 3548 Η
940 3494 968 3547 Ρ
992 3509 1106 3549 necesse

87 3565 208 3621 haberet
228 3564 314 3633 Oad.;
339 3581 377 3620 aa
394 3563 581 3620 traiciendum
599 3565 717 3620 haberet
734 3563 749 3619 ‚²
767 3565 803 3632 cf.
817 3567 908 3635 praef.
928 3564 999 3635 §14
