<?xml version="1.0" encoding="UTF-8"?>
<!DOCTYPE html PUBLIC "-//W3C//DTD XHTML 1.0 Transitional//EN"
    "http://www.w3.org/TR/xhtml1/DTD/xhtml1-transitional.dtd">
<html xmlns="http://www.w3.org/1999/xhtml" xml:lang="en" lang="en">
 <head>
  <title>
</title>
<meta http-equiv="Content-Type" content="text/html;charset=utf-8" />
  <meta name='ocr-system' content='tesseract 3.04.00' />
  <meta name='ocr-capabilities' content='ocr_page ocr_carea ocr_par ocr_line ocrx_word'/>
</head>
<body>
  <div class='ocr_page' id='page_1' title='image "./ivlifrontinistr02gundgoog_0094.png"; bbox 0 0 2616 4048; ppageno 0'>
   <div class='ocr_carea' id='block_1_1' title="bbox 470 217 1132 284">
    <p class='ocr_par' dir='ltr' id='par_1_1' title="bbox 470 217 1132 284">
     <span class='ocr_line' id='line_1_1' title="bbox 470 217 1132 284; baseline 0.012 -10"><span class='ocrx_word' id='word_1_1' title='bbox 470 217 580 274; x_wconf 81' lang='lat' dir='ltr'>LIBER</span> <span class='ocrx_word' id='word_1_2' title='bbox 598 218 632 274; x_wconf 84' lang='grc' dir='ltr'>ΙΙ.</span> <span class='ocrx_word' id='word_1_3' title='bbox 662 217 738 274; x_wconf 81' lang='lat' dir='ltr'>cAP.</span> <span class='ocrx_word' id='word_1_4' title='bbox 759 223 784 273; x_wconf 82' lang='lat'>5.</span> <span class='ocrx_word' id='word_1_5' title='bbox 1090 219 1132 284; x_wconf 84' lang='grc'>69</span> 
     </span>
    </p>
   </div>
   <div class='ocr_carea' id='block_1_2' title="bbox 60 380 1188 2772">
    <p class='ocr_par' dir='ltr' id='par_1_2' title="bbox 118 380 1169 981">
     <span class='ocr_line' id='line_1_2' title="bbox 119 380 1134 465; baseline 0.002 -19"><span class='ocrx_word' id='word_1_6' title='bbox 119 381 189 465; x_wconf 86' lang='lat' dir='ltr'>ipse</span> <span class='ocrx_word' id='word_1_7' title='bbox 222 380 324 446; x_wconf 86' lang='lat' dir='ltr'>aciem</span> <span class='ocrx_word' id='word_1_8' title='bbox 360 381 576 447; x_wconf 77' lang='lat' dir='ltr'><strong>instruxerat:</strong></span> <span class='ocrx_word' id='word_1_9' title='bbox 613 403 694 465; x_wconf 87' lang='lat' dir='ltr'>quoe</span> <span class='ocrx_word' id='word_1_10' title='bbox 726 403 798 446; x_wconf 89' lang='lat' dir='ltr'>curn</span> <span class='ocrx_word' id='word_1_11' title='bbox 833 381 965 446; x_wconf 88' lang='lat' dir='ltr'>barbari</span> <span class='ocrx_word' id='word_1_12' title='bbox 996 382 1134 448; x_wconf 90' lang='lat' dir='ltr'>insecuti</span> 
     </span>
     <span class='ocr_line' id='line_1_3' title="bbox 120 469 1133 556; baseline 0.002 -22"><span class='ocrx_word' id='word_1_13' title='bbox 120 473 242 552; x_wconf 89' lang='lat' dir='ltr'>essent,</span> <span class='ocrx_word' id='word_1_14' title='bbox 270 470 377 554; x_wconf 89' lang='lat' dir='ltr'>equite</span> <span class='ocrx_word' id='word_1_15' title='bbox 404 471 571 536; x_wconf 77' lang='lat' dir='ltr'>recedente</span> <span class='ocrx_word' id='word_1_16' title='bbox 598 470 633 536; x_wconf 91' lang='lat' dir='ltr'>in</span> <span class='ocrx_word' id='word_1_17' title='bbox 660 492 795 556; x_wconf 89' lang='lat' dir='ltr'>cornua,</span> <span class='ocrx_word' id='word_1_18' title='bbox 823 471 932 537; x_wconf 89' lang='lat' dir='ltr'>subito</span> <span class='ocrx_word' id='word_1_19' title='bbox 961 471 1047 536; x_wconf 88' lang='lat' dir='ltr'>ecies</span> <span class='ocrx_word' id='word_1_20' title='bbox 1069 469 1133 536; x_wconf 88' lang='lat' dir='ltr'>Ro·</span> 
     </span>
     <span class='ocr_line' id='line_1_4' title="bbox 118 558 1133 645; baseline 0 -21"><span class='ocrx_word' id='word_1_21' title='bbox 118 581 216 624; x_wconf 86' lang='lat' dir='ltr'>mana</span> <span class='ocrx_word' id='word_1_22' title='bbox 247 558 401 644; x_wconf 86' lang='lat' dir='ltr'>adaperta</span> <span class='ocrx_word' id='word_1_23' title='bbox 424 582 496 625; x_wconf 90' lang='lat' dir='ltr'>cnm</span> <span class='ocrx_word' id='word_1_24' title='bbox 520 561 660 626; x_wconf 87' lang='lat' dir='ltr'>clamore</span> <span class='ocrx_word' id='word_1_25' title='bbox 682 560 854 645; x_wconf 89' lang='lat' dir='ltr'>procurrit.</span> <span class='ocrx_word' id='word_1_26' title='bbox 893 558 1015 625; x_wconf 83' lang='lat' dir='ltr'>XXXV</span> <span class='ocrx_word' id='word_1_27' title='bbox 1042 559 1133 626; x_wconf 88' lang='lat' dir='ltr'>milia</span> 
     </span>
     <span class='ocr_line' id='line_1_5' title="bbox 119 647 1133 732; baseline 0.004 -20"><span class='ocrx_word' id='word_1_28' title='bbox 119 650 318 713; x_wconf 87' lang='lat' dir='ltr'>armatorum</span> <span class='ocrx_word' id='word_1_29' title='bbox 350 670 388 715; x_wconf 90' lang='lat' dir='ltr'>eo</span> <span class='ocrx_word' id='word_1_30' title='bbox 421 649 545 732; x_wconf 89' lang='lat' dir='ltr'>proelio</span> <span class='ocrx_word' id='word_1_31' title='bbox 577 649 748 716; x_wconf 87' lang='lat' dir='ltr'>interfecta</span> <span class='ocrx_word' id='word_1_32' title='bbox 781 671 854 715; x_wconf 90' lang='lat' dir='ltr'>curn</span> <span class='ocrx_word' id='word_1_33' title='bbox 886 649 967 731; x_wconf 88' lang='lat' dir='ltr'>ipsis</span> <span class='ocrx_word' id='word_1_34' title='bbox 998 647 1133 716; x_wconf 90' lang='lat' dir='ltr'>ducibus</span> 
     </span>
     <span class='ocr_line' id='line_1_6' title="bbox 118 735 1169 823; baseline 0 -21"><span class='ocrx_word' id='word_1_35' title='bbox 118 735 230 802; x_wconf 83' lang='lat' dir='ltr'>Liuius</span> <span class='ocrx_word' id='word_1_36' title='bbox 248 737 357 822; x_wconf 88' lang='lat' dir='ltr'>tradit,</span> <span class='ocrx_word' id='word_1_37' title='bbox 375 741 522 822; x_wconf 87' lang='lat' dir='ltr'>receptas</span> <span class='ocrx_word' id='word_1_38' title='bbox 542 739 682 823; x_wconf 90' lang='lat' dir='ltr'>quinque</span> <span class='ocrx_word' id='word_1_39' title='bbox 700 737 866 804; x_wconf 87' lang='lat' dir='ltr'>Romanas</span> <span class='ocrx_word' id='word_1_40' title='bbox 885 739 1020 822; x_wconf 83' lang='lat' dir='ltr'>aquilas,</span> <span class='ocrx_word' id='word_1_41' title='bbox 1039 738 1134 823; x_wconf 87' lang='lat' dir='ltr'>signa</span> <span class='ocrx_word' id='word_1_42' title='bbox 1153 751 1169 802; x_wconf 79' lang='lat'>5</span> 
     </span>
     <span class='ocr_line' id='line_1_7' title="bbox 119 821 1133 912; baseline 0.002 -22"><span class='ocrx_word' id='word_1_43' title='bbox 119 847 176 890; x_wconf 88' lang='lat' dir='ltr'>sex</span> <span class='ocrx_word' id='word_1_44' title='bbox 198 830 231 891; x_wconf 89' lang='lat' dir='ltr'>ct</span> <span class='ocrx_word' id='word_1_45' title='bbox 253 825 328 909; x_wconf 89' lang='lat' dir='ltr'>XX,</span> <span class='ocrx_word' id='word_1_46' title='bbox 355 827 459 892; x_wconf 87' lang='lat' dir='ltr'>multa</span> <span class='ocrx_word' id='word_1_47' title='bbox 487 826 606 912; x_wconf 86' lang='lat' dir='ltr'>spolia,</span> <span class='ocrx_word' id='word_1_48' title='bbox 634 827 722 892; x_wconf 88' lang='lat' dir='ltr'>inter</span> <span class='ocrx_word' id='word_1_49' title='bbox 749 821 832 911; x_wconf 78' lang='lat' dir='ltr'>qnae</span> <span class='ocrx_word' id='word_1_50' title='bbox 860 827 1001 912; x_wconf 89' lang='lat' dir='ltr'>quinque</span> <span class='ocrx_word' id='word_1_51' title='bbox 1029 827 1133 896; x_wconf 87' lang='lat' dir='ltr'>fasces</span> 
     </span>
     <span class='ocr_line' id='line_1_8' title="bbox 119 915 390 981; baseline -0.004 0"><span class='ocrx_word' id='word_1_52' title='bbox 119 937 191 981; x_wconf 88' lang='lat' dir='ltr'>cum</span> <span class='ocrx_word' id='word_1_53' title='bbox 215 915 390 980; x_wconf 76' lang='lat' dir='ltr'>securib&#39;us.</span> 
     </span>
    </p>

    <p class='ocr_par' dir='ltr' id='par_1_3' title="bbox 119 1001 1187 1440">
     <span class='ocr_line' id='line_1_9' title="bbox 186 1001 1134 1088; baseline -0.001 -20"><span class='ocrx_word' id='word_1_54' title='bbox 186 1004 237 1069; x_wconf 84' lang='lat'>35.</span> <span class='ocrx_word' id='word_1_55' title='bbox 262 1003 296 1070; x_wconf 77' lang='lat' dir='ltr'>O.</span> <span class='ocrx_word' id='word_1_56' title='bbox 311 1002 443 1069; x_wconf 80' lang='lat' dir='ltr'>Cassius</span> <span class='ocrx_word' id='word_1_57' title='bbox 462 1004 498 1068; x_wconf 88' lang='lat' dir='ltr'>in</span> <span class='ocrx_word' id='word_1_58' title='bbox 511 1001 608 1088; x_wconf 80' lang='lat' dir='ltr'>Syria</span> <span class='ocrx_word' id='word_1_59' title='bbox 628 1002 782 1068; x_wconf 88' lang='lat' dir='ltr'>aduersus</span> <span class='ocrx_word' id='word_1_60' title='bbox 799 1002 940 1068; x_wconf 87' lang='lat' dir='ltr'>Parthos</span> <span class='ocrx_word' id='word_1_61' title='bbox 959 1003 1134 1086; x_wconf 87' lang='lat' dir='ltr'>ducemque</span> 
     </span>
     <span class='ocr_line' id='line_1_10' title="bbox 119 1091 1133 1176; baseline 0.001 -19"><span class='ocrx_word' id='word_1_62' title='bbox 119 1091 290 1175; x_wconf 89' lang='lat' dir='ltr'>&lt;O&gt;aecen</span> <span class='ocrx_word' id='word_1_63' title='bbox 313 1093 455 1176; x_wconf 79' lang='lat' dir='ltr'>equitem</span> <span class='ocrx_word' id='word_1_64' title='bbox 479 1092 622 1158; x_wconf 74' lang='lat' dir='ltr'>ostendit</span> <span class='ocrx_word' id='word_1_65' title='bbox 645 1115 664 1156; x_wconf 88' lang='lat' dir='ltr'>a</span> <span class='ocrx_word' id='word_1_66' title='bbox 685 1091 807 1175; x_wconf 76' lang='lat' dir='ltr'>fronte,</span> <span class='ocrx_word' id='word_1_67' title='bbox 831 1112 903 1156; x_wconf 91' lang='lat' dir='ltr'>oum</span> <span class='ocrx_word' id='word_1_68' title='bbox 927 1113 947 1154; x_wconf 88' lang='lat' dir='ltr'>a</span> <span class='ocrx_word' id='word_1_69' title='bbox 964 1094 1056 1176; x_wconf 81' lang='lat' dir='ltr'>tergo</span> <span class='ocrx_word' id='word_1_70' title='bbox 1080 1113 1133 1174; x_wconf 76' lang='lat' dir='ltr'>pe</span> 
     </span>
     <span class='ocr_line' id='line_1_11' title="bbox 119 1179 1187 1264; baseline 0.002 -20"><span class='ocrx_word' id='word_1_71' title='bbox 119 1181 221 1245; x_wconf 89' lang='lat' dir='ltr'>ditem</span> <span class='ocrx_word' id='word_1_72' title='bbox 253 1181 288 1244; x_wconf 92' lang='lat' dir='ltr'>in</span> <span class='ocrx_word' id='word_1_73' title='bbox 321 1181 515 1264; x_wconf 84' lang='lat' dir='ltr'>confragoso</span> <span class='ocrx_word' id='word_1_74' title='bbox 547 1181 618 1244; x_wconf 88' lang='lat' dir='ltr'>loeo</span> <span class='ocrx_word' id='word_1_75' title='bbox 652 1180 862 1246; x_wconf 73' lang='lat' dir='ltr'>occultasset:</span> <span class='ocrx_word' id='word_1_76' title='bbox 893 1179 968 1244; x_wconf 88' lang='lat' dir='ltr'>dein</span> <span class='ocrx_word' id='word_1_77' title='bbox 1001 1179 1134 1246; x_wconf 87' lang='lat' dir='ltr'>cedente</span> <span class='ocrx_word' id='word_1_78' title='bbox 1154 1195 1187 1246; x_wconf 91' lang='lat'>10</span> 
     </span>
     <span class='ocr_line' id='line_1_12' title="bbox 119 1267 1134 1352; baseline 0 -20"><span class='ocrx_word' id='word_1_79' title='bbox 119 1267 267 1351; x_wconf 88' lang='lat' dir='ltr'>equitatu</span> <span class='ocrx_word' id='word_1_80' title='bbox 292 1271 325 1331; x_wconf 90' lang='lat' dir='ltr'>et</span> <span class='ocrx_word' id='word_1_81' title='bbox 346 1288 405 1352; x_wconf 89' lang='lat' dir='ltr'>per</span> <span class='ocrx_word' id='word_1_82' title='bbox 428 1271 507 1332; x_wconf 87' lang='lat' dir='ltr'>nota</span> <span class='ocrx_word' id='word_1_83' title='bbox 530 1289 564 1332; x_wconf 90' lang='lat' dir='ltr'>se</span> <span class='ocrx_word' id='word_1_84' title='bbox 587 1268 777 1351; x_wconf 87' lang='lat' dir='ltr'>recipiente,</span> <span class='ocrx_word' id='word_1_85' title='bbox 799 1268 835 1331; x_wconf 93' lang='lat' dir='ltr'>in</span> <span class='ocrx_word' id='word_1_86' title='bbox 853 1271 1064 1351; x_wconf 85' lang='lat' dir='ltr'>praeparatas</span> <span class='ocrx_word' id='word_1_87' title='bbox 1087 1267 1134 1332; x_wconf 92' lang='lat' dir='ltr'>in·</span> 
     </span>
     <span class='ocr_line' id='line_1_13' title="bbox 121 1355 1014 1440; baseline 0.001 -19"><span class='ocrx_word' id='word_1_88' title='bbox 121 1356 220 1422; x_wconf 87' lang='lat' dir='ltr'>sidias</span> <span class='ocrx_word' id='word_1_89' title='bbox 244 1355 395 1440; x_wconf 87' lang='lat' dir='ltr'>perduxit</span> <span class='ocrx_word' id='word_1_90' title='bbox 417 1357 593 1422; x_wconf 88' lang='lat' dir='ltr'>exercitum</span> <span class='ocrx_word' id='word_1_91' title='bbox 616 1355 812 1422; x_wconf 78' lang='lat' dir='ltr'>Parthorum</span> <span class='ocrx_word' id='word_1_92' title='bbox 834 1360 867 1422; x_wconf 91' lang='lat' dir='ltr'>et</span> <span class='ocrx_word' id='word_1_93' title='bbox 891 1356 1014 1422; x_wconf 87' lang='lat' dir='ltr'>cecidit.</span> 
     </span>
    </p>

    <p class='ocr_par' dir='ltr' id='par_1_4' title="bbox 60 1443 1187 1708">
     <span class='ocr_line' id='line_1_14' title="bbox 60 1443 1134 1530; baseline 0.001 -20"><span class='ocrx_word' id='word_1_94' title='bbox 60 1505 63 1510; x_wconf 92' lang='lat'>.</span> <span class='ocrx_word' id='word_1_95' title='bbox 187 1445 238 1509; x_wconf 88' lang='lat'>36.</span> <span class='ocrx_word' id='word_1_96' title='bbox 262 1443 434 1510; x_wconf 84' lang='lat' dir='ltr'>Ventidius</span> <span class='ocrx_word' id='word_1_97' title='bbox 449 1444 588 1511; x_wconf 83' lang='lat' dir='ltr'>Parthos</span> <span class='ocrx_word' id='word_1_98' title='bbox 608 1450 640 1510; x_wconf 89' lang='lat' dir='ltr'>et</span> <span class='ocrx_word' id='word_1_99' title='bbox 653 1444 847 1530; x_wconf 87' lang='lat' dir='ltr'>Labienum,</span> <span class='ocrx_word' id='word_1_100' title='bbox 870 1447 993 1512; x_wconf 89' lang='lat' dir='ltr'>alacres</span> <span class='ocrx_word' id='word_1_101' title='bbox 1013 1467 1134 1514; x_wconf 87' lang='lat' dir='ltr'>succes-</span> 
     </span>
     <span class='ocr_line' id='line_1_15' title="bbox 120 1533 1133 1620; baseline 0.002 -23"><span class='ocrx_word' id='word_1_102' title='bbox 120 1533 210 1598; x_wconf 88' lang='lat' dir='ltr'>sibus</span> <span class='ocrx_word' id='word_1_103' title='bbox 243 1533 468 1617; x_wconf 59' lang='lat' dir='ltr'>uictoriarum,</span> <span class='ocrx_word' id='word_1_104' title='bbox 500 1533 575 1598; x_wconf 92' lang='lat' dir='ltr'>dum</span> <span class='ocrx_word' id='word_1_105' title='bbox 606 1556 681 1600; x_wconf 91' lang='lat' dir='ltr'>suos</span> <span class='ocrx_word' id='word_1_106' title='bbox 711 1536 781 1619; x_wconf 88' lang='lat' dir='ltr'>ipse</span> <span class='ocrx_word' id='word_1_107' title='bbox 808 1555 866 1620; x_wconf 88' lang='lat' dir='ltr'>per</span> <span class='ocrx_word' id='word_1_108' title='bbox 893 1534 1133 1602; x_wconf 84' lang='lat' dir='ltr'>simulationem</span> 
     </span>
     <span class='ocr_line' id='line_1_16' title="bbox 119 1623 1187 1708; baseline 0.001 -21"><span class='ocrx_word' id='word_1_109' title='bbox 119 1625 225 1687; x_wconf 85' lang='lat' dir='ltr'>metus</span> <span class='ocrx_word' id='word_1_110' title='bbox 254 1623 410 1706; x_wconf 86' lang='lat' dir='ltr'>continet,</span> <span class='ocrx_word' id='word_1_111' title='bbox 440 1624 590 1688; x_wconf 89' lang='lat' dir='ltr'>euocauit</span> <span class='ocrx_word' id='word_1_112' title='bbox 618 1627 651 1688; x_wconf 94' lang='lat' dir='ltr'>et</span> <span class='ocrx_word' id='word_1_113' title='bbox 677 1623 712 1688; x_wconf 90' lang='lat' dir='ltr'>in</span> <span class='ocrx_word' id='word_1_114' title='bbox 740 1625 812 1689; x_wconf 88' lang='lat' dir='ltr'>loca</span> <span class='ocrx_word' id='word_1_115' title='bbox 839 1623 952 1708; x_wconf 88' lang='lat' dir='ltr'>iniqua</span> <span class='ocrx_word' id='word_1_116' title='bbox 980 1623 1132 1690; x_wconf 89' lang='lat' dir='ltr'>deductos</span> <span class='ocrx_word' id='word_1_117' title='bbox 1153 1637 1187 1688; x_wconf 81' lang='lat'>15</span> 
     </span>
    </p>

    <p class='ocr_par' dir='ltr' id='par_1_5' title="bbox 117 1710 1133 1884">
     <span class='ocr_line' id='line_1_17' title="bbox 117 1710 1133 1796; baseline 0.004 -22"><span class='ocrx_word' id='word_1_118' title='bbox 117 1710 291 1796; x_wconf 85' lang='lat' dir='ltr'>adgressus</span> <span class='ocrx_word' id='word_1_119' title='bbox 305 1731 364 1795; x_wconf 87' lang='lat' dir='ltr'>per</span> <span class='ocrx_word' id='word_1_120' title='bbox 379 1711 603 1795; x_wconf 90' lang='lat' dir='ltr'>obreptionem</span> <span class='ocrx_word' id='word_1_121' title='bbox 623 1712 703 1777; x_wconf 86' lang='lat' dir='ltr'>adeo</span> <span class='ocrx_word' id='word_1_122' title='bbox 723 1712 907 1792; x_wconf 88' lang='lat' dir='ltr'>debellauit,</span> <span class='ocrx_word' id='word_1_123' title='bbox 925 1717 962 1778; x_wconf 89' lang='lat' dir='ltr'>ut</span> <span class='ocrx_word' id='word_1_124' title='bbox 977 1713 1133 1778; x_wconf 88' lang='lat' dir='ltr'>destituto</span> 
     </span>
     <span class='ocr_line' id='line_1_18' title="bbox 117 1798 815 1884; baseline 0.001 -20"><span class='ocrx_word' id='word_1_125' title='bbox 117 1798 262 1864; x_wconf 88' lang='lat' dir='ltr'>Labieno</span> <span class='ocrx_word' id='word_1_126' title='bbox 285 1799 456 1884; x_wconf 90' lang='lat' dir='ltr'>prouincia</span> <span class='ocrx_word' id='word_1_127' title='bbox 479 1800 670 1865; x_wconf 85' lang='lat' dir='ltr'>excederent</span> <span class='ocrx_word' id='word_1_128' title='bbox 692 1799 815 1868; x_wconf 80' lang='lat' dir='ltr'>Parthi.</span> 
     </span>
    </p>

    <p class='ocr_par' dir='ltr' id='par_1_6' title="bbox 79 1887 1188 2680">
     <span class='ocr_line' id='line_1_19' title="bbox 79 1887 1134 1974; baseline 0.002 -22"><span class='ocrx_word' id='word_1_129' title='bbox 79 1909 82 1914; x_wconf 82' lang='grc'><strong>’</strong></span> <span class='ocrx_word' id='word_1_130' title='bbox 185 1889 236 1953; x_wconf 79' lang='grc'>37.</span> <span class='ocrx_word' id='word_1_131' title='bbox 276 1887 369 1953; x_wconf 86' lang='lat' dir='ltr'>Idem</span> <span class='ocrx_word' id='word_1_132' title='bbox 410 1889 564 1954; x_wconf 86' lang='lat' dir='ltr'>aduersus</span> <span class='ocrx_word' id='word_1_133' title='bbox 600 1888 836 1954; x_wconf 79' lang='lat' dir='ltr'>Pharnastanis</span> <span class='ocrx_word' id='word_1_134' title='bbox 872 1888 1028 1974; x_wconf 88' lang='lat' dir='ltr'>Parthos,</span> <span class='ocrx_word' id='word_1_135' title='bbox 1061 1911 1134 1956; x_wconf 91' lang='lat' dir='ltr'>cum</span> 
     </span>
     <span class='ocr_line' id='line_1_20' title="bbox 117 1976 1133 2061; baseline 0.002 -21"><span class='ocrx_word' id='word_1_136' title='bbox 117 1977 188 2061; x_wconf 90' lang='lat' dir='ltr'>ipse</span> <span class='ocrx_word' id='word_1_137' title='bbox 212 1976 364 2060; x_wconf 83' lang='lat' dir='ltr'>exiguum</span> <span class='ocrx_word' id='word_1_138' title='bbox 386 1999 556 2042; x_wconf 89' lang='lat' dir='ltr'>numerum</span> <span class='ocrx_word' id='word_1_139' title='bbox 584 1977 725 2042; x_wconf 89' lang='lat' dir='ltr'>militum</span> <span class='ocrx_word' id='word_1_140' title='bbox 753 1978 903 2060; x_wconf 88' lang='lat' dir='ltr'>heberet,</span> <span class='ocrx_word' id='word_1_141' title='bbox 930 1978 997 2044; x_wconf 88' lang='lat' dir='ltr'>illis</span> <span class='ocrx_word' id='word_1_142' title='bbox 1026 1983 1133 2042; x_wconf 89' lang='lat' dir='ltr'>autem</span> 
     </span>
     <span class='ocr_line' id='line_1_21' title="bbox 115 2065 1188 2151; baseline 0.003 -22"><span class='ocrx_word' id='word_1_143' title='bbox 115 2065 267 2130; x_wconf 90' lang='lat' dir='ltr'>fiduciam</span> <span class='ocrx_word' id='word_1_144' title='bbox 296 2087 335 2130; x_wconf 86' lang='lat' dir='ltr'>ex</span> <span class='ocrx_word' id='word_1_145' title='bbox 363 2065 570 2130; x_wconf 90' lang='lat' dir='ltr'>multitudine</span> <span class='ocrx_word' id='word_1_146' title='bbox 598 2066 723 2133; x_wconf 87' lang='lat' dir='ltr'>uideret</span> <span class='ocrx_word' id='word_1_147' title='bbox 753 2067 945 2151; x_wconf 87' lang='lat' dir='ltr'>increscere,</span> <span class='ocrx_word' id='word_1_148' title='bbox 979 2066 1020 2132; x_wconf 87' lang='lat' dir='ltr'>ad</span> <span class='ocrx_word' id='word_1_149' title='bbox 1047 2068 1132 2132; x_wconf 89' lang='lat' dir='ltr'>latus</span> <span class='ocrx_word' id='word_1_150' title='bbox 1153 2082 1188 2132; x_wconf 80' lang='lat'>20</span> 
     </span>
     <span class='ocr_line' id='line_1_22' title="bbox 116 2152 1134 2240; baseline 0.002 -22"><span class='ocrx_word' id='word_1_151' title='bbox 116 2157 299 2220; x_wconf 84' lang='lat' dir='ltr'>castrorum</span> <span class='ocrx_word' id='word_1_152' title='bbox 331 2152 444 2219; x_wconf 90' lang='lat' dir='ltr'>XVIII</span> <span class='ocrx_word' id='word_1_153' title='bbox 477 2155 628 2220; x_wconf 89' lang='lat' dir='ltr'>cohortes</span> <span class='ocrx_word' id='word_1_154' title='bbox 659 2154 694 2220; x_wconf 91' lang='lat' dir='ltr'>in</span> <span class='ocrx_word' id='word_1_155' title='bbox 727 2155 864 2221; x_wconf 87' lang='lat' dir='ltr'>obscura</span> <span class='ocrx_word' id='word_1_156' title='bbox 895 2155 981 2221; x_wconf 90' lang='lat' dir='ltr'>ualle</span> <span class='ocrx_word' id='word_1_157' title='bbox 1013 2155 1134 2240; x_wconf 83' lang='lat' dir='ltr'>posuit,</span> 
     </span>
     <span class='ocr_line' id='line_1_23' title="bbox 116 2242 1134 2416; baseline -0.001 -20"><span class='ocrx_word' id='word_1_158' title='bbox 116 2242 661 2397; x_wconf 67' lang='lat' dir='ltr'>tettststttrtsttt</span> <span class='ocrx_word' id='word_1_159' title='bbox 677 2243 869 2416; x_wconf 51' lang='lat' dir='ltr'>tratres</span> <span class='ocrx_word' id='word_1_160' title='bbox 893 2248 1134 2398; x_wconf 45' lang='lat' dir='ltr'>tertiata}</span> 
     </span>
     <span class='ocr_line' id='line_1_24' title="bbox 115 2419 1133 2505; baseline 0.001 -21"><span class='ocrx_word' id='word_1_161' title='bbox 115 2419 196 2505; x_wconf 81' lang='lat' dir='ltr'>fuga</span> <span class='ocrx_word' id='word_1_162' title='bbox 217 2421 348 2486; x_wconf 88' lang='lat' dir='ltr'>hostem</span> <span class='ocrx_word' id='word_1_163' title='bbox 370 2419 470 2484; x_wconf 86' lang='lat' dir='ltr'>effuse</span> <span class='ocrx_word' id='word_1_164' title='bbox 488 2422 677 2502; x_wconf 87' lang='lat' dir='ltr'>sequentem</span> <span class='ocrx_word' id='word_1_165' title='bbox 700 2421 789 2486; x_wconf 88' lang='lat' dir='ltr'>ultra</span> <span class='ocrx_word' id='word_1_166' title='bbox 810 2421 918 2486; x_wconf 89' lang='lat' dir='ltr'>locum</span> <span class='ocrx_word' id='word_1_167' title='bbox 941 2420 1133 2486; x_wconf 87' lang='lat' dir='ltr'>insidiarum</span> 
     </span>
     <span class='ocr_line' id='line_1_25' title="bbox 115 2509 1187 2595; baseline 0.001 -23"><span class='ocrx_word' id='word_1_168' title='bbox 115 2509 309 2594; x_wconf 87' lang='lat' dir='ltr'>perduxere,</span> <span class='ocrx_word' id='word_1_169' title='bbox 329 2513 439 2574; x_wconf 86' lang='lat' dir='ltr'>coorta</span> <span class='ocrx_word' id='word_1_170' title='bbox 458 2532 478 2573; x_wconf 89' lang='lat' dir='ltr'>a</span> <span class='ocrx_word' id='word_1_171' title='bbox 496 2509 599 2573; x_wconf 91' lang='lat' dir='ltr'>latere</span> <span class='ocrx_word' id='word_1_172' title='bbox 619 2509 687 2573; x_wconf 88' lang='lat' dir='ltr'>acie</span> <span class='ocrx_word' id='word_1_173' title='bbox 705 2509 937 2594; x_wconf 88' lang='lat' dir='ltr'>praecipitatos</span> <span class='ocrx_word' id='word_1_174' title='bbox 956 2511 992 2576; x_wconf 91' lang='lat' dir='ltr'>in</span> <span class='ocrx_word' id='word_1_175' title='bbox 1009 2509 1132 2595; x_wconf 84' lang='lat' dir='ltr'>fugam,</span> <span class='ocrx_word' id='word_1_176' title='bbox 1153 2521 1187 2574; x_wconf 78' lang='lat'>25</span> 
     </span>
     <span class='ocr_line' id='line_1_26' title="bbox 87 2596 717 2680; baseline 0 -16"><span class='ocrx_word' id='word_1_177' title='bbox 87 2643 95 2664; x_wconf 74' lang='lat'>.</span> <span class='ocrx_word' id='word_1_178' title='bbox 115 2599 151 2661; x_wconf 90' lang='lat' dir='ltr'>in</span> <span class='ocrx_word' id='word_1_179' title='bbox 173 2596 225 2662; x_wconf 90' lang='lat' dir='ltr'>his</span> <span class='ocrx_word' id='word_1_180' title='bbox 248 2597 520 2680; x_wconf 87' lang='lat' dir='ltr'>Phamestanem,</span> <span class='ocrx_word' id='word_1_181' title='bbox 544 2597 717 2664; x_wconf 85' lang='lat' dir='ltr'>interfecit.</span> 
     </span>
    </p>

    <p class='ocr_par' dir='ltr' id='par_1_7' title="bbox 185 2684 1143 2772">
     <span class='ocr_line' id='line_1_27' title="bbox 185 2684 1143 2772; baseline 0.003 -21"><span class='ocrx_word' id='word_1_182' title='bbox 185 2687 237 2752; x_wconf 85' lang='lat'>38.</span> <span class='ocrx_word' id='word_1_183' title='bbox 275 2684 309 2752; x_wconf 80' lang='lat' dir='ltr'>O.</span> <span class='ocrx_word' id='word_1_184' title='bbox 333 2684 469 2772; x_wconf 76' lang='lat' dir='ltr'>Caesar,</span> <span class='ocrx_word' id='word_1_185' title='bbox 498 2686 565 2751; x_wconf 88' lang='lat' dir='ltr'>suis</span> <span class='ocrx_word' id='word_1_186' title='bbox 595 2689 628 2751; x_wconf 90' lang='lat' dir='ltr'>et</span> <span class='ocrx_word' id='word_1_187' title='bbox 655 2686 784 2752; x_wconf 85' lang='lat' dir='ltr'>Afranii</span> <span class='ocrx_word' id='word_1_188' title='bbox 812 2688 928 2753; x_wconf 90' lang='lat' dir='ltr'>castris</span> <span class='ocrx_word' id='word_1_189' title='bbox 955 2687 1143 2771; x_wconf 86' lang='lat' dir='ltr'>contrarias·</span> 
     </span>
    </p>
   </div>
   <div class='ocr_carea' id='block_1_3' title="bbox 113 2789 1134 3039">
    <p class='ocr_par' dir='ltr' id='par_1_8' title="bbox 113 2789 1134 3039">
     <span class='ocr_line' id='line_1_28' title="bbox 191 2789 1133 2950; baseline 0.002 -70"><span class='ocrx_word' id='word_1_190' title='bbox 191 2831 207 2880; x_wconf 82' lang='lat' dir='ltr'>a</span> <span class='ocrx_word' id='word_1_191' title='bbox 225 2823 330 2881; x_wconf 82' lang='lat' dir='ltr'><strong>xxxv</strong></span> <span class='ocrx_word' id='word_1_192' title='bbox 343 2822 571 2950; x_wconf 24' lang='lat' dir='ltr'>marcennae.</span> <span class='ocrx_word' id='word_1_193' title='bbox 582 2812 756 2884; x_wconf 48' lang='lat' dir='ltr'>unffi.</span> <span class='ocrx_word' id='word_1_194' title='bbox 767 2826 837 2894; x_wconf 65' lang='lat' dir='ltr'>arr</span> <span class='ocrx_word' id='word_1_195' title='bbox 855 2833 870 2882; x_wconf 87' lang='lat' dir='ltr'>e</span> <span class='ocrx_word' id='word_1_196' title='bbox 890 2813 958 2882; x_wconf 64' lang='grc' dir='ltr'>,Χῖ</span> <span class='ocrx_word' id='word_1_197' title='bbox 972 2789 1051 2882; x_wconf 49' lang='lat' dir='ltr'>aar&gt;</span> <span class='ocrx_word' id='word_1_198' title='bbox 1066 2825 1133 2882; x_wconf 78' lang='lat' dir='ltr'>‚xn</span> 
     </span>
     <span class='ocr_line' id='line_1_29' title="bbox 117 2893 1134 2968; baseline 0 -16"><span class='ocrx_word' id='word_1_199' title='bbox 117 2897 136 2952; x_wconf 81' lang='lat' dir='ltr'>h</span> <span class='ocrx_word' id='word_1_200' title='bbox 164 2899 168 2963; x_wconf 94' lang='grc' dir='ltr'>Ι</span> <span class='ocrx_word' id='word_1_201' title='bbox 200 2897 320 2951; x_wconf 62' lang='lat' dir='ltr'>uuarba</span> <span class='ocrx_word' id='word_1_202' title='bbox 338 2893 417 2949; x_wconf 89' lang='lat' dir='ltr'>XXX</span> <span class='ocrx_word' id='word_1_203' title='bbox 465 2894 598 2950; x_wconf 87' lang='lat' dir='ltr'>mitia-</span> <span class='ocrx_word' id='word_1_204' title='bbox 618 2897 759 2953; x_wconf 86' lang='lat' dir='ltr'>securibus</span> <span class='ocrx_word' id='word_1_205' title='bbox 786 2903 910 2968; x_wconf 75' lang='lat' dir='ltr'>suspecta</span> <span class='ocrx_word' id='word_1_206' title='bbox 931 2899 1076 2953; x_wconf 77' lang='lat' dir='ltr'>uideatur:</span> <span class='ocrx_word' id='word_1_207' title='bbox 1099 2899 1134 2964; x_wconf 82' lang='lat' dir='ltr'>cf.</span> 
     </span>
     <span class='ocr_line' id='line_1_30' title="bbox 113 2966 1134 3039; baseline 0 -18"><span class='ocrx_word' id='word_1_208' title='bbox 113 2967 209 3037; x_wconf 79' lang='lat' dir='ltr'>praef.</span> <span class='ocrx_word' id='word_1_209' title='bbox 228 2966 249 3037; x_wconf 67' lang='grc'><em>5</em></span> <span class='ocrx_word' id='word_1_210' title='bbox 268 2969 306 3036; x_wconf 76' lang='grc'>91</span> <span class='ocrx_word' id='word_1_211' title='bbox 327 2972 343 3022; x_wconf 84' lang='lat'><strong>8</strong></span> <span class='ocrx_word' id='word_1_212' title='bbox 361 2967 391 3022; x_wconf 81' lang='lat' dir='ltr'>G.</span> <span class='ocrx_word' id='word_1_213' title='bbox 410 2983 460 3022; x_wconf 88' lang='lat' dir='ltr'>om.</span> <span class='ocrx_word' id='word_1_214' title='bbox 475 2966 528 3039; x_wconf 81' lang='grc' dir='ltr'>ΗΙ</span> <span class='ocrx_word' id='word_1_215' title='bbox 553 2966 707 3036; x_wconf 85' lang='lat' dir='ltr'>ducemque</span> <span class='ocrx_word' id='word_1_216' title='bbox 727 2967 834 3023; x_wconf 89' lang='lat' dir='ltr'>Osacen</span> <span class='ocrx_word' id='word_1_217' title='bbox 851 2969 953 3024; x_wconf 69' lang='lat' dir='ltr'>Hordei</span> <span class='ocrx_word' id='word_1_218' title='bbox 970 2970 1029 3024; x_wconf 84' lang='lat' dir='ltr'>coll.</span> <span class='ocrx_word' id='word_1_219' title='bbox 1048 2968 1134 3022; x_wconf 78' lang='lat' dir='ltr'>Dion.</span> 
     </span>
    </p>
   </div>
   <div class='ocr_carea' id='block_1_4' title="bbox 117 3038 1137 3181">
    <p class='ocr_par' dir='ltr' id='par_1_9' title="bbox 117 3038 1137 3181">
     <span class='ocr_line' id='line_1_31' title="bbox 117 3038 1137 3106; baseline -0.002 -14"><span class='ocrx_word' id='word_1_220' title='bbox 117 3041 212 3103; x_wconf 73' lang='lat'><strong><em>40,29</em></strong></span> <span class='ocrx_word' id='word_1_221' title='bbox 232 3038 359 3106; x_wconf 87' lang='lat' dir='ltr'>duccmq:</span> <span class='ocrx_word' id='word_1_222' title='bbox 378 3054 462 3092; x_wconf 85' lang='lat' dir='ltr'>sacen</span> <span class='ocrx_word' id='word_1_223' title='bbox 481 3038 514 3090; x_wconf 89' lang='grc' dir='ltr'><em>Η</em></span> <span class='ocrx_word' id='word_1_224' title='bbox 529 3038 685 3092; x_wconf 85' lang='lat' dir='ltr'>ducesacen</span> <span class='ocrx_word' id='word_1_225' title='bbox 702 3039 731 3093; x_wconf 93' lang='lat' dir='ltr'>P</span> <span class='ocrx_word' id='word_1_226' title='bbox 756 3039 860 3093; x_wconf 87' lang='lat' dir='ltr'>ducens</span> <span class='ocrx_word' id='word_1_227' title='bbox 883 3040 972 3092; x_wconf 86' lang='lat' dir='ltr'>aciem</span> <span class='ocrx_word' id='word_1_228' title='bbox 990 3039 1029 3103; x_wconf 77' lang='lat' dir='ltr'>dl</span> <span class='ocrx_word' id='word_1_229' title='bbox 1054 3042 1087 3091; x_wconf 85' lang='grc'>13</span> <span class='ocrx_word' id='word_1_230' title='bbox 1107 3039 1137 3091; x_wconf 90' lang='lat' dir='ltr'>et</span> 
     </span>
     <span class='ocr_line' id='line_1_32' title="bbox 118 3108 1136 3181; baseline -0.001 -17"><span class='ocrx_word' id='word_1_231' title='bbox 118 3125 169 3164; x_wconf 84' lang='lat' dir='ltr'>om.</span> <span class='ocrx_word' id='word_1_232' title='bbox 193 3109 228 3162; x_wconf 88' lang='lat' dir='ltr'><strong><em>H</em></strong></span> <span class='ocrx_word' id='word_1_233' title='bbox 244 3109 249 3181; x_wconf 82' lang='lat' dir='ltr'>l</span> <span class='ocrx_word' id='word_1_234' title='bbox 271 3114 303 3162; x_wconf 81' lang='lat'>15</span> <span class='ocrx_word' id='word_1_235' title='bbox 324 3109 455 3163; x_wconf 88' lang='lat' dir='ltr'>euocauit</span> <span class='ocrx_word' id='word_1_236' title='bbox 473 3125 524 3163; x_wconf 77' lang='lat' dir='ltr'>om,</span> <span class='ocrx_word' id='word_1_237' title='bbox 539 3109 591 3178; x_wconf 87' lang='grc' dir='ltr'>ΗΙ</span> <span class='ocrx_word' id='word_1_238' title='bbox 617 3114 650 3163; x_wconf 86' lang='grc'>16</span> <span class='ocrx_word' id='word_1_239' title='bbox 669 3109 805 3164; x_wconf 86' lang='lat' dir='ltr'>destituto</span> <span class='ocrx_word' id='word_1_240' title='bbox 824 3110 842 3163; x_wconf 77' lang='lat' dir='ltr'>h</span> <span class='ocrx_word' id='word_1_241' title='bbox 860 3108 965 3164; x_wconf 86' lang='lat' dir='ltr'>destitu</span> <span class='ocrx_word' id='word_1_242' title='bbox 981 3109 1014 3162; x_wconf 90' lang='grc' dir='ltr'><em>Η</em></span> <span class='ocrx_word' id='word_1_243' title='bbox 1020 3108 1029 3139; x_wconf 92' lang='lat'><strong>¹</strong></span> <span class='ocrx_word' id='word_1_244' title='bbox 1048 3108 1136 3164; x_wconf 87' lang='lat' dir='ltr'>desti-</span> 
     </span>
    </p>
   </div>
   <div class='ocr_carea' id='block_1_5' title="bbox 115 3178 1136 3661">
    <p class='ocr_par' dir='ltr' id='par_1_10' title="bbox 115 3178 1136 3661">
     <span class='ocr_line' id='line_1_33' title="bbox 119 3178 1136 3250; baseline -0.001 -16"><span class='ocrx_word' id='word_1_245' title='bbox 119 3179 178 3234; x_wconf 87' lang='lat' dir='ltr'>tuti</span> <span class='ocrx_word' id='word_1_246' title='bbox 197 3179 237 3233; x_wconf 93' lang='lat' dir='ltr'>P:</span> <span class='ocrx_word' id='word_1_247' title='bbox 256 3179 291 3246; x_wconf 79' lang='lat' dir='ltr'>of.</span> <span class='ocrx_word' id='word_1_248' title='bbox 310 3179 396 3233; x_wconf 76' lang='lat' dir='ltr'>Diora</span> <span class='ocrx_word' id='word_1_249' title='bbox 414 3183 461 3245; x_wconf 76' lang='grc'>48,</span> <span class='ocrx_word' id='word_1_250' title='bbox 479 3183 524 3247; x_wconf 75' lang='grc'>40,</span> <span class='ocrx_word' id='word_1_251' title='bbox 543 3182 581 3249; x_wconf 84' lang='grc'>31</span> <span class='ocrx_word' id='word_1_252' title='bbox 599 3185 632 3234; x_wconf 90' lang='grc'>18</span> <span class='ocrx_word' id='word_1_253' title='bbox 645 3180 849 3250; x_wconf 82' lang='lat' dir='ltr'>pharnaetenes</span> <span class='ocrx_word' id='word_1_254' title='bbox 862 3178 898 3233; x_wconf 90' lang='lat' dir='ltr'><strong><em>H</em></strong></span> <span class='ocrx_word' id='word_1_255' title='bbox 912 3178 1136 3234; x_wconf 86' lang='lat' dir='ltr'>Pharnastanem</span> 
     </span>
     <span class='ocr_line' id='line_1_34' title="bbox 116 3248 1133 3318; baseline -0.001 -13"><span class='ocrx_word' id='word_1_256' title='bbox 116 3256 146 3306; x_wconf 90' lang='lat' dir='ltr'>et</span> <span class='ocrx_word' id='word_1_257' title='bbox 164 3251 183 3305; x_wconf 83' lang='lat' dir='ltr'>d</span> <span class='ocrx_word' id='word_1_258' title='bbox 201 3248 387 3316; x_wconf 86' lang='lat' dir='ltr'>Pharnapetia</span> <span class='ocrx_word' id='word_1_259' title='bbox 411 3250 481 3304; x_wconf 86' lang='lat' dir='ltr'>Oud.</span> <span class='ocrx_word' id='word_1_260' title='bbox 505 3251 564 3305; x_wconf 77' lang='lat' dir='ltr'>coli.</span> <span class='ocrx_word' id='word_1_261' title='bbox 586 3250 979 3318; x_wconf 58' lang='lat' dir='ltr'>nauseamentis.</span> <span class='ocrx_word' id='word_1_262' title='bbox 999 3255 1035 3306; x_wconf 90' lang='lat'>33</span> <span class='ocrx_word' id='word_1_263' title='bbox 1064 3256 1068 3316; x_wconf 91' lang='grc'>1</span> <span class='ocrx_word' id='word_1_264' title='bbox 1099 3257 1133 3304; x_wconf 83' lang='lat'>21</span> 
     </span>
     <span class='ocr_line' id='line_1_35' title="bbox 115 3320 1134 3392; baseline -0.001 -16"><span class='ocrx_word' id='word_1_265' title='bbox 115 3321 200 3376; x_wconf 89' lang='lat' dir='ltr'>ualde</span> <span class='ocrx_word' id='word_1_266' title='bbox 219 3321 254 3374; x_wconf 86' lang='grc' dir='ltr'><em>Η</em></span> <span class='ocrx_word' id='word_1_267' title='bbox 268 3325 332 3375; x_wconf 82' lang='lat' dir='ltr'>cate</span> <span class='ocrx_word' id='word_1_268' title='bbox 349 3336 404 3375; x_wconf 85' lang='lat' dir='ltr'>ras.</span> <span class='ocrx_word' id='word_1_269' title='bbox 421 3321 425 3392; x_wconf 87' lang='grc' dir='ltr'>Ι</span> <span class='ocrx_word' id='word_1_270' title='bbox 446 3327 480 3375; x_wconf 70' lang='lat'>22</span> <span class='ocrx_word' id='word_1_271' title='bbox 495 3320 656 3390; x_wconf 77' lang='lat' dir='ltr'>equitatr&#39;rh</span> <span class='ocrx_word' id='word_1_272' title='bbox 678 3323 683 3390; x_wconf 88' lang='grc'>1</span> <span class='ocrx_word' id='word_1_273' title='bbox 708 3321 885 3376; x_wconf 88' lang='lat' dir='ltr'>conlocatum</span> <span class='ocrx_word' id='word_1_274' title='bbox 902 3338 1007 3391; x_wconf 86' lang='lat' dir='ltr'>paucos</span> <span class='ocrx_word' id='word_1_275' title='bbox 1026 3323 1076 3386; x_wconf 89' lang='grc' dir='ltr'>ΗΙ</span> <span class='ocrx_word' id='word_1_276' title='bbox 1099 3326 1134 3376; x_wconf 80' lang='lat'>25</span> 
     </span>
     <span class='ocr_line' id='line_1_36' title="bbox 115 3391 1113 3465; baseline 0.001 -19"><span class='ocrx_word' id='word_1_277' title='bbox 115 3391 192 3447; x_wconf 87' lang='lat' dir='ltr'>acies</span> <span class='ocrx_word' id='word_1_278' title='bbox 216 3393 248 3446; x_wconf 84' lang='lat' dir='ltr'>d:</span> <span class='ocrx_word' id='word_1_279' title='bbox 271 3391 318 3445; x_wconf 81' lang='lat' dir='ltr'>ced</span> <span class='ocrx_word' id='word_1_280' title='bbox 336 3392 371 3457; x_wconf 78' lang='lat' dir='ltr'>cs.</span> <span class='ocrx_word' id='word_1_281' title='bbox 386 3409 416 3459; x_wconf 80' lang='lat' dir='ltr'>p.</span> <span class='ocrx_word' id='word_1_282' title='bbox 435 3395 499 3459; x_wconf 88' lang='lat'><strong><em>103,</em></strong></span> <span class='ocrx_word' id='word_1_283' title='bbox 517 3397 536 3447; x_wconf 82' lang='lat'><em>8</em></span> <span class='ocrx_word' id='word_1_284' title='bbox 557 3392 561 3465; x_wconf 71' lang='lat' dir='ltr'>t</span> <span class='ocrx_word' id='word_1_285' title='bbox 582 3392 782 3463; x_wconf 86' lang='lat' dir='ltr'>praecipitatos</span> <span class='ocrx_word' id='word_1_286' title='bbox 801 3393 820 3446; x_wconf 84' lang='lat' dir='ltr'>d</span> <span class='ocrx_word' id='word_1_287' title='bbox 837 3393 1031 3463; x_wconf 84' lang='lat' dir='ltr'>praecipitatis</span> <span class='ocrx_word' id='word_1_288' title='bbox 1045 3392 1081 3447; x_wconf 90' lang='lat' dir='ltr'><strong><em>H</em></strong></span> <span class='ocrx_word' id='word_1_289' title='bbox 1084 3392 1113 3446; x_wconf 97' lang='lat' dir='ltr'>P</span> 
     </span>
     <span class='ocr_line' id='line_1_37' title="bbox 116 3459 1105 3532; baseline 0.003 -16"><span class='ocrx_word' id='word_1_290' title='bbox 116 3461 310 3532; x_wconf 83' lang='lat' dir='ltr'>praecipitatis</span> <span class='ocrx_word' id='word_1_291' title='bbox 329 3459 359 3514; x_wconf 91' lang='lat' dir='ltr'>in</span> <span class='ocrx_word' id='word_1_292' title='bbox 377 3461 473 3531; x_wconf 79' lang='lat' dir='ltr'>fugam</span> <span class='ocrx_word' id='word_1_293' title='bbox 493 3463 604 3518; x_wconf 87' lang='lat' dir='ltr'>Parthie</span> <span class='ocrx_word' id='word_1_294' title='bbox 627 3463 658 3518; x_wconf 90' lang='lat' dir='ltr'>in</span> <span class='ocrx_word' id='word_1_295' title='bbox 680 3463 724 3518; x_wconf 88' lang='lat' dir='ltr'>his</span> <span class='ocrx_word' id='word_1_296' title='bbox 743 3464 817 3518; x_wconf 77' lang='lat' dir='ltr'>edd:</span> <span class='ocrx_word' id='word_1_297' title='bbox 834 3465 881 3519; x_wconf 81' lang='lat' dir='ltr'>aed</span> <span class='ocrx_word' id='word_1_298' title='bbox 899 3465 934 3531; x_wconf 74' lang='lat' dir='ltr'>cf.</span> <span class='ocrx_word' id='word_1_299' title='bbox 951 3480 980 3532; x_wconf 82' lang='lat' dir='ltr'>p.</span> <span class='ocrx_word' id='word_1_300' title='bbox 1001 3467 1048 3532; x_wconf 76' lang='lat'>72,</span> <span class='ocrx_word' id='word_1_301' title='bbox 1068 3469 1105 3519; x_wconf 82' lang='lat'>12</span> 
     </span>
     <span class='ocr_line' id='line_1_38' title="bbox 116 3532 1135 3661; baseline 0 -73"><span class='ocrx_word' id='word_1_302' title='bbox 116 3541 151 3615; x_wconf 62' lang='lat' dir='ltr'>*ze</span> <span class='ocrx_word' id='word_1_303' title='bbox 179 3532 391 3661; x_wconf 39' lang='lat' dir='ltr'>Phthiam</span> <span class='ocrx_word' id='word_1_304' title='bbox 419 3533 454 3586; x_wconf 89' lang='lat' dir='ltr'><em>H</em></span> <span class='ocrx_word' id='word_1_305' title='bbox 477 3533 684 3603; x_wconf 79' lang='lat' dir='ltr'>phermestanen</span> <span class='ocrx_word' id='word_1_306' title='bbox 711 3535 740 3589; x_wconf 93' lang='lat' dir='ltr'>P</span> <span class='ocrx_word' id='word_1_307' title='bbox 767 3537 771 3604; x_wconf 80' lang='grc' dir='ltr'>Ι</span> <span class='ocrx_word' id='word_1_308' title='bbox 801 3539 835 3589; x_wconf 73' lang='lat'>27</span> <span class='ocrx_word' id='word_1_309' title='bbox 859 3535 981 3590; x_wconf 83' lang='lat' dir='ltr'>afranius</span> <span class='ocrx_word' id='word_1_310' title='bbox 1004 3535 1039 3588; x_wconf 86' lang='grc' dir='ltr'><em>Η</em></span> <span class='ocrx_word' id='word_1_311' title='bbox 1053 3533 1135 3589; x_wconf 73' lang='lat' dir='ltr'>Afra</span> 
     </span>
     <span class='ocr_line' id='line_1_39' title="bbox 115 3621 286 3660; baseline -0.006 -2"><span class='ocrx_word' id='word_1_312' title='bbox 115 3621 208 3660; x_wconf 85' lang='lat' dir='ltr'>marus</span> <span class='ocrx_word' id='word_1_313' title='bbox 280 3646 286 3657; x_wconf 93' lang='lat'>.</span> 
     </span>
    </p>
   </div>
   <div class='ocr_carea' id='block_1_6' title="bbox 0 0 1312 4048">
    <p class='ocr_par' dir='ltr' id='par_1_11' title="bbox 0 0 1312 4048">
     <span class='ocr_line' id='line_1_40' title="bbox 0 0 1312 4048; baseline 0 1"><span class='ocrx_word' id='word_1_314' title='bbox 0 0 1312 4048; x_wconf 95' lang='lat' dir='ltr'> </span> 
     </span>
    </p>
   </div>
  </div>
 </body>
</html>
