<?xml version="1.0" encoding="UTF-8"?>
<!DOCTYPE html PUBLIC "-//W3C//DTD XHTML 1.0 Transitional//EN"
    "http://www.w3.org/TR/xhtml1/DTD/xhtml1-transitional.dtd">
<html xmlns="http://www.w3.org/1999/xhtml" xml:lang="en" lang="en">
 <head>
  <title>
</title>
<meta http-equiv="Content-Type" content="text/html;charset=utf-8" />
  <meta name='ocr-system' content='tesseract 3.04.00' />
  <meta name='ocr-capabilities' content='ocr_page ocr_carea ocr_par ocr_line ocrx_word'/>
</head>
<body>
  <div class='ocr_page' id='page_1' title='image "./ivlifrontinistr02gundgoog_0168.png"; bbox 0 0 2642 4046; ppageno 0'>
   <div class='ocr_carea' id='block_1_1' title="bbox 444 205 1195 270">
    <p class='ocr_par' dir='ltr' id='par_1_1' title="bbox 444 205 1195 270">
     <span class='ocr_line' id='line_1_1' title="bbox 444 205 1195 270; baseline 0.019 -12"><span class='ocrx_word' id='word_1_1' title='bbox 444 205 552 260; x_wconf 79' lang='lat' dir='ltr'>LIBER</span> <span class='ocrx_word' id='word_1_2' title='bbox 570 206 618 262; x_wconf 91' lang='lat' dir='ltr'>IV.</span> <span class='ocrx_word' id='word_1_3' title='bbox 656 206 732 262; x_wconf 84' lang='lat' dir='ltr'>CAP.</span> <span class='ocrx_word' id='word_1_4' title='bbox 753 212 777 262; x_wconf 77' lang='lat'>7.</span> <span class='ocrx_word' id='word_1_5' title='bbox 1056 208 1119 270; x_wconf 81' lang='grc'>143</span> <span class='ocrx_word' id='word_1_6' title='bbox 1193 242 1195 248; x_wconf 65' lang='grc'><strong>’</strong></span> 
     </span>
    </p>
   </div>
   <div class='ocr_carea' id='block_1_2' title="bbox 105 367 1119 453">
    <p class='ocr_par' dir='ltr' id='par_1_2' title="bbox 105 367 1119 453">
     <span class='ocr_line' id='line_1_2' title="bbox 105 367 1119 453; baseline 0.002 -21"><span class='ocrx_word' id='word_1_7' title='bbox 105 367 364 451; x_wconf 85' lang='lat' dir='ltr'>interfecturum,</span> <span class='ocrx_word' id='word_1_8' title='bbox 387 369 452 433; x_wconf 91' lang='lat' dir='ltr'>nisi</span> <span class='ocrx_word' id='word_1_9' title='bbox 474 370 530 453; x_wconf 91' lang='lat' dir='ltr'>qui</span> <span class='ocrx_word' id='word_1_10' title='bbox 548 369 688 434; x_wconf 90' lang='lat' dir='ltr'>iurasset</span> <span class='ocrx_word' id='word_1_11' title='bbox 710 390 776 434; x_wconf 90' lang='lat' dir='ltr'>non</span> <span class='ocrx_word' id='word_1_12' title='bbox 799 391 869 434; x_wconf 90' lang='lat' dir='ltr'>esse</span> <span class='ocrx_word' id='word_1_13' title='bbox 892 370 954 434; x_wconf 88' lang='lat' dir='ltr'>sibi</span> <span class='ocrx_word' id='word_1_14' title='bbox 977 374 1119 434; x_wconf 86' lang='lat' dir='ltr'>mentem</span> 
     </span>
    </p>
   </div>
   <div class='ocr_carea' id='block_1_3' title="bbox 107 455 1119 542">
    <p class='ocr_par' dir='ltr' id='par_1_3' title="bbox 107 455 1119 542">
     <span class='ocr_line' id='line_1_3' title="bbox 107 455 1119 542; baseline 0 -22"><span class='ocrx_word' id='word_1_15' title='bbox 107 455 329 521; x_wconf 86' lang='lat' dir='ltr'>destituendae</span> <span class='ocrx_word' id='word_1_16' title='bbox 348 456 576 540; x_wconf 88' lang='lat' dir='ltr'>reipublicae:</span> <span class='ocrx_word' id='word_1_17' title='bbox 600 479 736 541; x_wconf 87' lang='lat' dir='ltr'>cumque</span> <span class='ocrx_word' id='word_1_18' title='bbox 755 459 825 542; x_wconf 91' lang='lat' dir='ltr'>ipse</span> <span class='ocrx_word' id='word_1_19' title='bbox 845 479 879 522; x_wconf 94' lang='lat' dir='ltr'>se</span> <span class='ocrx_word' id='word_1_20' title='bbox 897 457 1022 542; x_wconf 87' lang='lat' dir='ltr'>primus</span> <span class='ocrx_word' id='word_1_21' title='bbox 1046 457 1119 522; x_wconf 90' lang='lat' dir='ltr'>reli-</span> 
     </span>
    </p>
   </div>
   <div class='ocr_carea' id='block_1_4' title="bbox 7 545 1119 718">
    <p class='ocr_par' dir='ltr' id='par_1_4' title="bbox 7 545 1119 718">
     <span class='ocr_line' id='line_1_4' title="bbox 8 545 1119 631; baseline 0.003 -23"><span class='ocrx_word' id='word_1_22' title='bbox 8 607 9 616; x_wconf 68' lang='grc'>,</span> <span class='ocrx_word' id='word_1_23' title='bbox 106 545 201 630; x_wconf 84' lang='lat' dir='ltr'>gione</span> <span class='ocrx_word' id='word_1_24' title='bbox 228 545 291 609; x_wconf 89' lang='lat' dir='ltr'>tali</span> <span class='ocrx_word' id='word_1_25' title='bbox 321 545 514 631; x_wconf 76' lang='lat' dir='ltr'><strong>obligasset,</strong></span> <span class='ocrx_word' id='word_1_26' title='bbox 547 546 661 610; x_wconf 86' lang='lat' dir='ltr'>stricto</span> <span class='ocrx_word' id='word_1_27' title='bbox 692 546 801 630; x_wconf 84' lang='lat' dir='ltr'>gladio</span> <span class='ocrx_word' id='word_1_28' title='bbox 830 551 970 612; x_wconf 91' lang='lat' dir='ltr'>mortem</span> <span class='ocrx_word' id='word_1_29' title='bbox 999 546 1057 610; x_wconf 89' lang='lat' dir='ltr'>uni</span> <span class='ocrx_word' id='word_1_30' title='bbox 1081 568 1119 611; x_wconf 88' lang='lat' dir='ltr'>ex</span> 
     </span>
     <span class='ocr_line' id='line_1_5' title="bbox 7 631 1119 718; baseline 0.002 -22"><span class='ocrx_word' id='word_1_31' title='bbox 7 631 8 638; x_wconf 62' lang='lat'><em>&#39;</em></span> <span class='ocrx_word' id='word_1_32' title='bbox 104 633 261 718; x_wconf 82' lang='lat' dir='ltr'>proximis</span> <span class='ocrx_word' id='word_1_33' title='bbox 283 633 437 716; x_wconf 87' lang='lat' dir='ltr'>minatus,</span> <span class='ocrx_word' id='word_1_34' title='bbox 465 634 529 698; x_wconf 91' lang='lat' dir='ltr'>nisi</span> <span class='ocrx_word' id='word_1_35' title='bbox 557 633 717 718; x_wconf 86' lang='lat' dir='ltr'>acciperet</span> <span class='ocrx_word' id='word_1_36' title='bbox 746 638 999 716; x_wconf 86' lang='lat' dir='ltr'>sacramentum,</span> <span class='ocrx_word' id='word_1_37' title='bbox 1026 635 1119 699; x_wconf 89' lang='lat' dir='ltr'>illum</span> 
     </span>
    </p>
   </div>
   <div class='ocr_carea' id='block_1_5' title="bbox 101 722 1172 1866">
    <p class='ocr_par' dir='ltr' id='par_1_5' title="bbox 104 722 1154 808">
     <span class='ocr_line' id='line_1_6' title="bbox 104 722 1154 808; baseline 0.008 -24"><span class='ocrx_word' id='word_1_38' title='bbox 104 725 207 800; x_wconf 91' lang='lat' dir='ltr'>metu,</span> <span class='ocrx_word' id='word_1_39' title='bbox 231 725 355 787; x_wconf 89' lang='lat' dir='ltr'>ceteros</span> <span class='ocrx_word' id='word_1_40' title='bbox 379 723 478 787; x_wconf 90' lang='lat' dir='ltr'>etiam</span> <span class='ocrx_word' id='word_1_41' title='bbox 502 722 650 805; x_wconf 89' lang='lat' dir='ltr'>exemplo</span> <span class='ocrx_word' id='word_1_42' title='bbox 674 723 782 808; x_wconf 81' lang='lat' dir='ltr'>coegit</span> <span class='ocrx_word' id='word_1_43' title='bbox 804 723 845 787; x_wconf 88' lang='lat' dir='ltr'>ad</span> <span class='ocrx_word' id='word_1_44' title='bbox 867 723 1048 790; x_wconf 88' lang='lat' dir='ltr'>iurandum.</span> <span class='ocrx_word' id='word_1_45' title='bbox 1138 742 1154 792; x_wconf 77' lang='grc' dir='ltr'>ὅ</span> 
     </span>
    </p>

    <p class='ocr_par' dir='ltr' id='par_1_6' title="bbox 102 809 1120 1140">
     <span class='ocr_line' id='line_1_7' title="bbox 172 809 1120 896; baseline 0 -22"><span class='ocrx_word' id='word_1_46' title='bbox 172 810 224 874; x_wconf 87' lang='grc'>40.</span> <span class='ocrx_word' id='word_1_47' title='bbox 255 809 450 875; x_wconf 77' lang='lat' dir='ltr'>Volscorum</span> <span class='ocrx_word' id='word_1_48' title='bbox 482 814 590 875; x_wconf 88' lang='lat' dir='ltr'>castra</span> <span class='ocrx_word' id='word_1_49' title='bbox 620 832 693 874; x_wconf 91' lang='lat' dir='ltr'>cum</span> <span class='ocrx_word' id='word_1_50' title='bbox 722 833 823 894; x_wconf 89' lang='lat' dir='ltr'>prope</span> <span class='ocrx_word' id='word_1_51' title='bbox 847 834 867 876; x_wconf 89' lang='lat' dir='ltr'>a</span> <span class='ocrx_word' id='word_1_52' title='bbox 890 811 1042 896; x_wconf 82' lang='lat' dir='ltr'>uirgultis</span> <span class='ocrx_word' id='word_1_53' title='bbox 1067 811 1120 875; x_wconf 90' lang='lat' dir='ltr'>sil·</span> 
     </span>
     <span class='ocr_line' id='line_1_8' title="bbox 103 896 1118 985; baseline 0.002 -23"><span class='ocrx_word' id='word_1_54' title='bbox 103 919 207 982; x_wconf 86' lang='lat' dir='ltr'>usque</span> <span class='ocrx_word' id='word_1_55' title='bbox 230 899 338 982; x_wconf 83' lang='lat' dir='ltr'>posita</span> <span class='ocrx_word' id='word_1_56' title='bbox 361 901 477 982; x_wconf 89' lang='lat' dir='ltr'>essent,</span> <span class='ocrx_word' id='word_1_57' title='bbox 501 896 658 964; x_wconf 79' lang='lat' dir='ltr'>Camillus</span> <span class='ocrx_word' id='word_1_58' title='bbox 677 920 716 963; x_wconf 85' lang='lat' dir='ltr'>ea</span> <span class='ocrx_word' id='word_1_59' title='bbox 738 900 857 983; x_wconf 85' lang='lat' dir='ltr'>omnia,</span> <span class='ocrx_word' id='word_1_60' title='bbox 881 921 963 985; x_wconf 86' lang='lat' dir='ltr'>quse</span> <span class='ocrx_word' id='word_1_61' title='bbox 986 921 1118 984; x_wconf 91' lang='lat' dir='ltr'>concep·</span> 
     </span>
     <span class='ocr_line' id='line_1_9' title="bbox 102 987 1119 1072; baseline 0.001 -21"><span class='ocrx_word' id='word_1_62' title='bbox 102 991 173 1051; x_wconf 89' lang='lat' dir='ltr'>tum</span> <span class='ocrx_word' id='word_1_63' title='bbox 196 987 307 1072; x_wconf 80' lang='lat' dir='ltr'>ignem</span> <span class='ocrx_word' id='word_1_64' title='bbox 329 1009 431 1070; x_wconf 85' lang='lat' dir='ltr'>osque</span> <span class='ocrx_word' id='word_1_65' title='bbox 454 987 489 1050; x_wconf 92' lang='lat' dir='ltr'>in</span> <span class='ocrx_word' id='word_1_66' title='bbox 511 987 633 1050; x_wconf 87' lang='lat' dir='ltr'>uallum</span> <span class='ocrx_word' id='word_1_67' title='bbox 656 987 799 1071; x_wconf 85' lang='lat' dir='ltr'>perferre</span> <span class='ocrx_word' id='word_1_68' title='bbox 822 992 987 1071; x_wconf 79' lang='lat' dir='ltr'><strong>poterant,</strong></span> <span class='ocrx_word' id='word_1_69' title='bbox 1010 987 1119 1052; x_wconf 89' lang='lat' dir='ltr'>incen-</span> 
     </span>
     <span class='ocr_line' id='line_1_10' title="bbox 104 1074 767 1140; baseline 0 0"><span class='ocrx_word' id='word_1_70' title='bbox 104 1074 152 1139; x_wconf 91' lang='lat' dir='ltr'>dit</span> <span class='ocrx_word' id='word_1_71' title='bbox 176 1079 209 1140; x_wconf 91' lang='lat' dir='ltr'>et</span> <span class='ocrx_word' id='word_1_72' title='bbox 232 1077 279 1140; x_wconf 90' lang='lat' dir='ltr'>sic</span> <span class='ocrx_word' id='word_1_73' title='bbox 303 1075 507 1140; x_wconf 88' lang='lat' dir='ltr'>aduersarios</span> <span class='ocrx_word' id='word_1_74' title='bbox 530 1075 620 1138; x_wconf 85' lang='lat' dir='ltr'>exuit</span> <span class='ocrx_word' id='word_1_75' title='bbox 643 1075 767 1140; x_wconf 88' lang='lat' dir='ltr'>castris.</span> 
     </span>
    </p>

    <p class='ocr_par' dir='ltr' id='par_1_7' title="bbox 104 1161 1172 1335">
     <span class='ocr_line' id='line_1_11' title="bbox 169 1161 1172 1248; baseline 0.007 -22"><span class='ocrx_word' id='word_1_76' title='bbox 169 1165 222 1227; x_wconf 90' lang='grc'>41.</span> <span class='ocrx_word' id='word_1_77' title='bbox 254 1162 295 1226; x_wconf 44' lang='lat' dir='ltr'>Pa</span> <span class='ocrx_word' id='word_1_78' title='bbox 321 1161 456 1227; x_wconf 78' lang='lat' dir='ltr'>Crassus</span> <span class='ocrx_word' id='word_1_79' title='bbox 488 1163 574 1227; x_wconf 92' lang='lat' dir='ltr'>bello</span> <span class='ocrx_word' id='word_1_80' title='bbox 605 1163 718 1228; x_wconf 86' lang='lat' dir='ltr'>sociali</span> <span class='ocrx_word' id='word_1_81' title='bbox 749 1164 860 1228; x_wconf 90' lang='lat' dir='ltr'>eodem</span> <span class='ocrx_word' id='word_1_82' title='bbox 891 1163 988 1227; x_wconf 92' lang='lat' dir='ltr'>modo</span> <span class='ocrx_word' id='word_1_83' title='bbox 1017 1184 1118 1248; x_wconf 88' lang='lat' dir='ltr'>prope</span> <span class='ocrx_word' id='word_1_84' title='bbox 1138 1185 1172 1233; x_wconf 86' lang='lat'>10</span> 
     </span>
     <span class='ocr_line' id='line_1_12' title="bbox 104 1249 780 1335; baseline -0.003 -17"><span class='ocrx_word' id='word_1_85' title='bbox 104 1273 178 1318; x_wconf 87' lang='lat' dir='ltr'>oum</span> <span class='ocrx_word' id='word_1_86' title='bbox 202 1249 304 1334; x_wconf 91' lang='lat' dir='ltr'>copiis</span> <span class='ocrx_word' id='word_1_87' title='bbox 328 1250 477 1316; x_wconf 88' lang='lat' dir='ltr'>omnibus</span> <span class='ocrx_word' id='word_1_88' title='bbox 500 1251 698 1335; x_wconf 87' lang='lat' dir='ltr'>interceptus</span> <span class='ocrx_word' id='word_1_89' title='bbox 722 1255 780 1316; x_wconf 90' lang='lat' dir='ltr'>est.</span> 
     </span>
    </p>

    <p class='ocr_par' dir='ltr' id='par_1_8' title="bbox 101 1338 1169 1866">
     <span class='ocr_line' id='line_1_13' title="bbox 171 1338 1117 1424; baseline 0.001 -22"><span class='ocrx_word' id='word_1_90' title='bbox 171 1339 223 1403; x_wconf 79' lang='lat'>42.</span> <span class='ocrx_word' id='word_1_91' title='bbox 256 1338 294 1415; x_wconf 79' lang='lat' dir='ltr'>Q.</span> <span class='ocrx_word' id='word_1_92' title='bbox 317 1338 468 1403; x_wconf 89' lang='lat' dir='ltr'>Metellus</span> <span class='ocrx_word' id='word_1_93' title='bbox 491 1340 526 1403; x_wconf 94' lang='lat' dir='ltr'>in</span> <span class='ocrx_word' id='word_1_94' title='bbox 548 1338 709 1424; x_wconf 87' lang='lat' dir='ltr'>Hispanis</span> <span class='ocrx_word' id='word_1_95' title='bbox 732 1343 840 1405; x_wconf 86' lang='lat' dir='ltr'>castra</span> <span class='ocrx_word' id='word_1_96' title='bbox 862 1339 1020 1423; x_wconf 82' lang='lat' dir='ltr'>moturus,</span> <span class='ocrx_word' id='word_1_97' title='bbox 1045 1360 1117 1404; x_wconf 90' lang='lat' dir='ltr'>cum</span> 
     </span>
     <span class='ocr_line' id='line_1_14' title="bbox 102 1426 1117 1512; baseline 0 -21"><span class='ocrx_word' id='word_1_98' title='bbox 102 1429 137 1492; x_wconf 93' lang='lat' dir='ltr'>in</span> <span class='ocrx_word' id='word_1_99' title='bbox 157 1428 286 1511; x_wconf 83' lang='lat' dir='ltr'>agmine</span> <span class='ocrx_word' id='word_1_100' title='bbox 300 1426 420 1492; x_wconf 91' lang='lat' dir='ltr'>milites</span> <span class='ocrx_word' id='word_1_101' title='bbox 435 1427 645 1512; x_wconf 87' lang='lat' dir='ltr'>&lt;conti&gt;nere</span> <span class='ocrx_word' id='word_1_102' title='bbox 658 1429 770 1512; x_wconf 89' lang='lat' dir='ltr'>uellet,</span> <span class='ocrx_word' id='word_1_103' title='bbox 787 1428 1014 1511; x_wconf 86' lang='lat' dir='ltr'>pronuntiauit</span> <span class='ocrx_word' id='word_1_104' title='bbox 1033 1448 1117 1492; x_wconf 90' lang='lat' dir='ltr'>com-</span> 
     </span>
     <span class='ocr_line' id='line_1_15' title="bbox 102 1515 1117 1602; baseline -0.001 -23"><span class='ocrx_word' id='word_1_105' title='bbox 102 1515 226 1601; x_wconf 86' lang='lat' dir='ltr'>perisse</span> <span class='ocrx_word' id='word_1_106' title='bbox 256 1537 289 1580; x_wconf 90' lang='lat' dir='ltr'>se</span> <span class='ocrx_word' id='word_1_107' title='bbox 312 1516 448 1581; x_wconf 83' lang='lat' dir='ltr'>insidias</span> <span class='ocrx_word' id='word_1_108' title='bbox 477 1516 518 1580; x_wconf 86' lang='lat' dir='ltr'>ab</span> <span class='ocrx_word' id='word_1_109' title='bbox 546 1517 695 1581; x_wconf 76' lang='lat' dir='ltr'>hostibus</span> <span class='ocrx_word' id='word_1_110' title='bbox 718 1516 907 1602; x_wconf 82' lang='lat' dir='ltr'>dispositas3</span> <span class='ocrx_word' id='word_1_111' title='bbox 934 1516 1117 1581; x_wconf 89' lang='lat' dir='ltr'>idcircone</span> 
     </span>
     <span class='ocr_line' id='line_1_16' title="bbox 104 1604 1169 1691; baseline 0.004 -23"><span class='ocrx_word' id='word_1_112' title='bbox 104 1604 304 1669; x_wconf 74' lang='lat' dir='ltr'>discederent</span> <span class='ocrx_word' id='word_1_113' title='bbox 327 1627 347 1669; x_wconf 87' lang='lat' dir='ltr'>a</span> <span class='ocrx_word' id='word_1_114' title='bbox 371 1605 474 1690; x_wconf 81' lang='lat' dir='ltr'>signis</span> <span class='ocrx_word' id='word_1_115' title='bbox 497 1626 579 1670; x_wconf 87' lang='lat' dir='ltr'>neue</span> <span class='ocrx_word' id='word_1_116' title='bbox 603 1625 720 1691; x_wconf 81' lang='lat' dir='ltr'>agmen</span> <span class='ocrx_word' id='word_1_117' title='bbox 743 1605 905 1670; x_wconf 82' lang='lat' dir='ltr'>laxarent:</span> <span class='ocrx_word' id='word_1_118' title='bbox 933 1605 1019 1688; x_wconf 89' lang='lat' dir='ltr'>quod</span> <span class='ocrx_word' id='word_1_119' title='bbox 1044 1626 1115 1668; x_wconf 91' lang='lat' dir='ltr'>cum</span> <span class='ocrx_word' id='word_1_120' title='bbox 1137 1624 1169 1674; x_wconf 82' lang='lat'>15</span> 
     </span>
     <span class='ocr_line' id='line_1_17' title="bbox 104 1692 1116 1779; baseline 0.002 -23"><span class='ocrx_word' id='word_1_121' title='bbox 104 1693 271 1774; x_wconf 87' lang='lat' dir='ltr'>[solueret]</span> <span class='ocrx_word' id='word_1_122' title='bbox 301 1715 339 1757; x_wconf 88' lang='lat' dir='ltr'>ex</span> <span class='ocrx_word' id='word_1_123' title='bbox 369 1693 542 1777; x_wconf 87' lang='lat' dir='ltr'>disciplina</span> <span class='ocrx_word' id='word_1_124' title='bbox 565 1693 716 1779; x_wconf 74' lang='lat' dir='ltr'>fecisset,</span> <span class='ocrx_word' id='word_1_125' title='bbox 745 1697 898 1778; x_wconf 90' lang='lat' dir='ltr'>exceptus</span> <span class='ocrx_word' id='word_1_126' title='bbox 922 1692 1008 1758; x_wconf 88' lang='lat' dir='ltr'>forte</span> <span class='ocrx_word' id='word_1_127' title='bbox 1029 1693 1116 1758; x_wconf 87' lang='lat' dir='ltr'>ueris</span> 
     </span>
     <span class='ocr_line' id='line_1_18' title="bbox 101 1781 1067 1866; baseline 0.003 -22"><span class='ocrx_word' id='word_1_128' title='bbox 101 1781 244 1866; x_wconf 89' lang='lat' dir='ltr'>insidiis,</span> <span class='ocrx_word' id='word_1_129' title='bbox 268 1783 344 1865; x_wconf 88' lang='lat' dir='ltr'>quia</span> <span class='ocrx_word' id='word_1_130' title='bbox 366 1783 584 1866; x_wconf 82' lang='lat' dir='ltr'>praedixerat,</span> <span class='ocrx_word' id='word_1_131' title='bbox 606 1783 774 1848; x_wconf 88' lang='lat' dir='ltr'>interritos</span> <span class='ocrx_word' id='word_1_132' title='bbox 798 1782 920 1848; x_wconf 88' lang='lat' dir='ltr'>milites</span> <span class='ocrx_word' id='word_1_133' title='bbox 942 1782 1067 1847; x_wconf 87' lang='lat' dir='ltr'>habuit.</span> 
     </span>
    </p>
   </div>
   <div class='ocr_carea' id='block_1_6' title="bbox 99 1954 1117 2938">
    <p class='ocr_par' dir='ltr' id='par_1_9' title="bbox 99 1954 1117 2938">
     <span class='ocr_line' id='line_1_19' title="bbox 107 1954 1117 2024; baseline -0.004 -12"><span class='ocrx_word' id='word_1_134' title='bbox 107 2001 112 2012; x_wconf 94' lang='lat'><em>.</em></span> <span class='ocrx_word' id='word_1_135' title='bbox 174 1959 188 2006; x_wconf 93' lang='lat'>1</span> <span class='ocrx_word' id='word_1_136' title='bbox 208 1954 263 2008; x_wconf 87' lang='lat' dir='ltr'>nisi</span> <span class='ocrx_word' id='word_1_137' title='bbox 276 1970 327 2008; x_wconf 86' lang='lat' dir='ltr'>om.</span> <span class='ocrx_word' id='word_1_138' title='bbox 342 1954 368 2008; x_wconf 80' lang='lat' dir='ltr'><strong><em>G</em></strong></span> <span class='ocrx_word' id='word_1_139' title='bbox 387 1955 392 2023; x_wconf 96' lang='grc' dir='ltr'>Ι</span> <span class='ocrx_word' id='word_1_140' title='bbox 417 1961 433 2008; x_wconf 86' lang='grc'><strong>6</strong></span> <span class='ocrx_word' id='word_1_141' title='bbox 451 1956 523 2010; x_wconf 73' lang='lat' dir='ltr'>idem</span> <span class='ocrx_word' id='word_1_142' title='bbox 541 1957 691 2023; x_wconf 63' lang='lat' dir='ltr'>exemptam</span> <span class='ocrx_word' id='word_1_143' title='bbox 708 1959 778 2022; x_wconf 66' lang='lat' dir='ltr'>m,</span> <span class='ocrx_word' id='word_1_144' title='bbox 792 1959 828 2010; x_wconf 87' lang='grc'>15</span> <span class='ocrx_word' id='word_1_145' title='bbox 848 1957 852 2021; x_wconf 99' lang='grc' dir='ltr'>Ι</span> <span class='ocrx_word' id='word_1_146' title='bbox 872 1970 959 2024; x_wconf 89' lang='lat' dir='ltr'>prope</span> <span class='ocrx_word' id='word_1_147' title='bbox 977 1955 1117 2023; x_wconf 82' lang='lat' dir='ltr'>uirgultas</span> 
     </span>
     <span class='ocr_line' id='line_1_20' title="bbox 102 2024 1117 2094; baseline 0 -16"><span class='ocrx_word' id='word_1_148' title='bbox 102 2024 260 2092; x_wconf 86' lang='lat' dir='ltr'>siluamque</span> <span class='ocrx_word' id='word_1_149' title='bbox 274 2025 293 2079; x_wconf 82' lang='lat' dir='ltr'>d</span> <span class='ocrx_word' id='word_1_150' title='bbox 309 2027 345 2093; x_wconf 86' lang='grc'>19</span> <span class='ocrx_word' id='word_1_151' title='bbox 366 2024 434 2078; x_wconf 90' lang='lat' dir='ltr'>exiit</span> <span class='ocrx_word' id='word_1_152' title='bbox 446 2025 494 2080; x_wconf 86' lang='grc' dir='ltr'>Η1</span> <span class='ocrx_word' id='word_1_153' title='bbox 510 2029 515 2092; x_wconf 96' lang='grc' dir='ltr'>Ι</span> <span class='ocrx_word' id='word_1_154' title='bbox 532 2031 565 2079; x_wconf 88' lang='grc'>10</span> <span class='ocrx_word' id='word_1_155' title='bbox 584 2027 655 2080; x_wconf 80' lang='lat' dir='ltr'>idem</span> <span class='ocrx_word' id='word_1_156' title='bbox 671 2027 821 2094; x_wconf 76' lang='lat' dir='ltr'>eaemplwm</span> <span class='ocrx_word' id='word_1_157' title='bbox 834 2029 899 2092; x_wconf 60' lang='grc' dir='ltr'>Μ,</span> <span class='ocrx_word' id='word_1_158' title='bbox 909 2030 945 2079; x_wconf 85' lang='grc'>16</span> <span class='ocrx_word' id='word_1_159' title='bbox 961 2027 966 2094; x_wconf 97' lang='grc' dir='ltr'>Ι</span> <span class='ocrx_word' id='word_1_160' title='bbox 983 2031 1015 2079; x_wconf 89' lang='grc'>11</span> <span class='ocrx_word' id='word_1_161' title='bbox 1030 2025 1117 2078; x_wconf 86' lang='lat' dir='ltr'>inter·</span> 
     </span>
     <span class='ocr_line' id='line_1_21' title="bbox 101 2093 1117 2166; baseline 0 -17"><span class='ocrx_word' id='word_1_162' title='bbox 101 2095 193 2149; x_wconf 79' lang='lat' dir='ltr'>lectus</span> <span class='ocrx_word' id='word_1_163' title='bbox 205 2094 241 2148; x_wconf 89' lang='lat' dir='ltr'><strong><em>H</em></strong></span> <span class='ocrx_word' id='word_1_164' title='bbox 252 2097 257 2163; x_wconf 88' lang='grc' dir='ltr'>Ι</span> <span class='ocrx_word' id='word_1_165' title='bbox 274 2100 307 2148; x_wconf 79' lang='lat'>12</span> <span class='ocrx_word' id='word_1_166' title='bbox 322 2093 460 2164; x_wconf 89' lang='lat' dir='ltr'>Hispania</span> <span class='ocrx_word' id='word_1_167' title='bbox 473 2096 538 2149; x_wconf 91' lang='grc' dir='ltr'>ΗΡ</span> <span class='ocrx_word' id='word_1_168' title='bbox 552 2095 635 2150; x_wconf 87' lang='lat' dir='ltr'>italia</span> <span class='ocrx_word' id='word_1_169' title='bbox 649 2096 675 2150; x_wconf 80' lang='lat' dir='ltr'><strong><em>G</em></strong></span> <span class='ocrx_word' id='word_1_170' title='bbox 690 2099 695 2166; x_wconf 97' lang='grc' dir='ltr'>Ι</span> <span class='ocrx_word' id='word_1_171' title='bbox 712 2101 746 2150; x_wconf 84' lang='grc'>13</span> <span class='ocrx_word' id='word_1_172' title='bbox 764 2095 850 2150; x_wconf 81' lang='lat' dir='ltr'>acrba</span> <span class='ocrx_word' id='word_1_173' title='bbox 868 2095 1011 2149; x_wconf 89' lang='lat' dir='ltr'>continere</span> <span class='ocrx_word' id='word_1_174' title='bbox 1029 2095 1117 2149; x_wconf 88' lang='lat' dir='ltr'>uellet</span> 
     </span>
     <span class='ocr_line' id='line_1_22' title="bbox 101 2164 1115 2236; baseline -0.002 -16"><span class='ocrx_word' id='word_1_175' title='bbox 101 2195 137 2208; x_wconf 91' lang='lat'>—</span> <span class='ocrx_word' id='word_1_176' title='bbox 156 2164 261 2220; x_wconf 90' lang='lat' dir='ltr'>milites</span> <span class='ocrx_word' id='word_1_177' title='bbox 279 2165 380 2220; x_wconf 84' lang='lat' dir='ltr'>hebuit</span> <span class='ocrx_word' id='word_1_178' title='bbox 403 2166 506 2220; x_wconf 80' lang='lat' dir='ltr'>codices</span> <span class='ocrx_word' id='word_1_179' title='bbox 528 2167 709 2236; x_wconf 76' lang='lat' dir='ltr'>editionesque</span> <span class='ocrx_word' id='word_1_180' title='bbox 726 2167 845 2235; x_wconf 77' lang='lat' dir='ltr'>exemplo</span> <span class='ocrx_word' id='word_1_181' title='bbox 863 2169 996 2233; x_wconf 79' lang='lat'><strong><em>2,12‚2</em></strong></span> <span class='ocrx_word' id='word_1_182' title='bbox 1016 2166 1115 2220; x_wconf 77' lang='lat' dir='ltr'>adian-</span> 
     </span>
     <span class='ocr_line' id='line_1_23' title="bbox 100 2235 1116 2307; baseline 0 -17"><span class='ocrx_word' id='word_1_183' title='bbox 100 2241 184 2307; x_wconf 74' lang='lat' dir='ltr'>pant:</span> <span class='ocrx_word' id='word_1_184' title='bbox 202 2237 267 2290; x_wconf 71' lang='lat' dir='ltr'>talc</span> <span class='ocrx_word' id='word_1_185' title='bbox 284 2253 316 2292; x_wconf 84' lang='lat' dir='ltr'>ea</span> <span class='ocrx_word' id='word_1_186' title='bbox 330 2237 448 2304; x_wconf 73' lang='lat' dir='ltr'>comple</span> <span class='ocrx_word' id='word_1_187' title='bbox 462 2237 582 2290; x_wconf 78' lang='lat' dir='ltr'>restituit</span> <span class='ocrx_word' id='word_1_188' title='bbox 596 2237 725 2302; x_wconf 78' lang='lat' dir='ltr'>Hedicke,</span> <span class='ocrx_word' id='word_1_189' title='bbox 743 2237 778 2304; x_wconf 80' lang='lat' dir='ltr'>cf.</span> <span class='ocrx_word' id='word_1_190' title='bbox 790 2237 879 2305; x_wconf 78' lang='lat' dir='ltr'>praef.</span> <span class='ocrx_word' id='word_1_191' title='bbox 890 2235 936 2306; x_wconf 82' lang='lat'>§1</span> <span class='ocrx_word' id='word_1_192' title='bbox 953 2239 957 2306; x_wconf 94' lang='grc' dir='ltr'>Ι</span> <span class='ocrx_word' id='word_1_193' title='bbox 974 2235 1116 2290; x_wconf 83' lang='lat' dir='ltr'>continere</span> 
     </span>
     <span class='ocr_line' id='line_1_24' title="bbox 101 2305 1114 2371; baseline -0.002 -11"><span class='ocrx_word' id='word_1_194' title='bbox 101 2305 190 2360; x_wconf 88' lang='lat' dir='ltr'>uellet</span> <span class='ocrx_word' id='word_1_195' title='bbox 207 2322 257 2360; x_wconf 77' lang='lat' dir='ltr'>nos</span> <span class='ocrx_word' id='word_1_196' title='bbox 274 2323 339 2360; x_wconf 89' lang='lat' dir='ltr'>nere</span> <span class='ocrx_word' id='word_1_197' title='bbox 358 2307 466 2360; x_wconf 89' lang='lat' dir='ltr'>uellent</span> <span class='ocrx_word' id='word_1_198' title='bbox 485 2306 551 2361; x_wconf 79' lang='lat' dir='ltr'>GH</span> <span class='ocrx_word' id='word_1_199' title='bbox 569 2305 660 2361; x_wconf 88' lang='lat' dir='ltr'>redire</span> <span class='ocrx_word' id='word_1_200' title='bbox 679 2307 786 2362; x_wconf 89' lang='lat' dir='ltr'>uellent</span> <span class='ocrx_word' id='word_1_201' title='bbox 804 2307 833 2360; x_wconf 93' lang='lat' dir='ltr'><em>P</em></span> <span class='ocrx_word' id='word_1_202' title='bbox 853 2309 948 2361; x_wconf 87' lang='lat' dir='ltr'>tenere</span> <span class='ocrx_word' id='word_1_203' title='bbox 966 2306 1055 2360; x_wconf 87' lang='lat' dir='ltr'>uellet</span> <span class='ocrx_word' id='word_1_204' title='bbox 1072 2306 1114 2371; x_wconf 72' lang='lat' dir='ltr'><strong><em>M</em></strong></span> 
     </span>
     <span class='ocr_line' id='line_1_25' title="bbox 100 2377 1117 2446; baseline -0.002 -14"><span class='ocrx_word' id='word_1_205' title='bbox 100 2377 188 2432; x_wconf 79' lang='lat' dir='ltr'>Hertz</span> <span class='ocrx_word' id='word_1_206' title='bbox 202 2377 329 2445; x_wconf 73' lang='lat' dir='ltr'>(Hennes</span> <span class='ocrx_word' id='word_1_207' title='bbox 342 2382 369 2446; x_wconf 84' lang='lat'>6,</span> <span class='ocrx_word' id='word_1_208' title='bbox 380 2381 447 2444; x_wconf 74' lang='lat'><em>384)</em></span> <span class='ocrx_word' id='word_1_209' title='bbox 464 2377 505 2431; x_wconf 85' lang='lat' dir='ltr'>ire</span> <span class='ocrx_word' id='word_1_210' title='bbox 518 2377 628 2432; x_wconf 89' lang='lat' dir='ltr'>nollent</span> <span class='ocrx_word' id='word_1_211' title='bbox 642 2377 740 2432; x_wconf 80' lang='lat' dir='ltr'>thod.</span> <span class='ocrx_word' id='word_1_212' title='bbox 752 2379 904 2432; x_wconf 69' lang='lat' dir='ltr'>Marnas-serr</span> <span class='ocrx_word' id='word_1_213' title='bbox 920 2381 924 2444; x_wconf 97' lang='grc' dir='ltr'>Ι</span> <span class='ocrx_word' id='word_1_214' title='bbox 941 2383 975 2430; x_wconf 83' lang='grc'>16</span> <span class='ocrx_word' id='word_1_215' title='bbox 994 2377 1117 2431; x_wconf 87' lang='lat' dir='ltr'>solueret</span> 
     </span>
     <span class='ocr_line' id='line_1_26' title="bbox 104 2447 1115 2517; baseline -0.001 -16"><span class='ocrx_word' id='word_1_216' title='bbox 104 2447 171 2504; x_wconf 80' lang='lat' dir='ltr'>GH</span> <span class='ocrx_word' id='word_1_217' title='bbox 191 2449 298 2502; x_wconf 88' lang='lat' dir='ltr'>soluere</span> <span class='ocrx_word' id='word_1_218' title='bbox 318 2448 358 2501; x_wconf 88' lang='lat' dir='ltr'>P:</span> <span class='ocrx_word' id='word_1_219' title='bbox 380 2449 453 2517; x_wconf 78' lang='lat' dir='ltr'>qaod</span> <span class='ocrx_word' id='word_1_220' title='bbox 470 2464 531 2503; x_wconf 73' lang='lat' dir='ltr'>crena</span> <span class='ocrx_word' id='word_1_221' title='bbox 548 2449 678 2517; x_wconf 71' lang='lat' dir='ltr'>ploesema</span> <span class='ocrx_word' id='word_1_222' title='bbox 696 2450 779 2503; x_wconf 80' lang='lat' dir='ltr'>aerbo</span> <span class='ocrx_word' id='word_1_223' title='bbox 797 2448 926 2502; x_wconf 86' lang='lat' dir='ltr'>laxarent</span> <span class='ocrx_word' id='word_1_224' title='bbox 943 2449 1115 2516; x_wconf 79' lang='lat' dir='ltr'>adscriptam</span> 
     </span>
     <span class='ocr_line' id='line_1_27' title="bbox 100 2517 1114 2586; baseline -0.004 -12"><span class='ocrx_word' id='word_1_225' title='bbox 100 2520 240 2586; x_wconf 78' lang='lat' dir='ltr'>uideatur,</span> <span class='ocrx_word' id='word_1_226' title='bbox 263 2519 353 2574; x_wconf 74' lang='lat' dir='ltr'>delent</span> <span class='ocrx_word' id='word_1_227' title='bbox 376 2519 466 2572; x_wconf 91' lang='lat' dir='ltr'>solum</span> <span class='ocrx_word' id='word_1_228' title='bbox 485 2520 504 2574; x_wconf 85' lang='lat' dir='ltr'>d</span> <span class='ocrx_word' id='word_1_229' title='bbox 528 2517 641 2573; x_wconf 87' lang='lat' dir='ltr'>sollerte</span> <span class='ocrx_word' id='word_1_230' title='bbox 662 2519 732 2574; x_wconf 73' lang='lat' dir='ltr'>Ouo.</span> <span class='ocrx_word' id='word_1_231' title='bbox 757 2518 887 2574; x_wconf 88' lang='lat' dir='ltr'>sollemni</span> <span class='ocrx_word' id='word_1_232' title='bbox 906 2518 989 2573; x_wconf 80' lang='lat' dir='ltr'>Gccta</span> <span class='ocrx_word' id='word_1_233' title='bbox 1010 2523 1014 2586; x_wconf 97' lang='grc' dir='ltr'>Ι</span> <span class='ocrx_word' id='word_1_234' title='bbox 1039 2519 1114 2585; x_wconf 87' lang='lat' dir='ltr'>quod</span> 
     </span>
     <span class='ocr_line' id='line_1_28' title="bbox 99 2588 1115 2730; baseline -0.003 -15"><span class='ocrx_word' id='word_1_235' title='bbox 99 2605 222 2716; x_wconf 60' lang='lat' dir='ltr'>{tm’ll</span> <span class='ocrx_word' id='word_1_236' title='bbox 237 2588 1115 2730; x_wconf 57' lang='lat' dir='ltr'>ee0ca-rza1za-{eaesalem¹mvl</span> 
     </span>
     <span class='ocr_line' id='line_1_29' title="bbox 99 2679 1115 2802; baseline -0.005 -16"><span class='ocrx_word' id='word_1_237' title='bbox 99 2679 362 2786; x_wconf 59' lang='lat' dir='ltr'>reama&#39;qmaaa:</span> <span class='ocrx_word' id='word_1_238' title='bbox 390 2733 424 2799; x_wconf 73' lang='lat' dir='ltr'>cs.</span> <span class='ocrx_word' id='word_1_239' title='bbox 444 2732 536 2800; x_wconf 67' lang='lat' dir='ltr'>praefi</span> <span class='ocrx_word' id='word_1_240' title='bbox 555 2731 576 2802; x_wconf 65' lang='grc' dir='ltr'>Ι</span> <span class='ocrx_word' id='word_1_241' title='bbox 594 2737 610 2786; x_wconf 89' lang='lat'><strong><em>1</em></strong></span> <span class='ocrx_word' id='word_1_242' title='bbox 634 2736 638 2796; x_wconf 83' lang='lat' dir='ltr'>l</span> <span class='ocrx_word' id='word_1_243' title='bbox 663 2679 827 2800; x_wconf 67' lang='lat' dir='ltr'>suolmam</span> <span class='ocrx_word' id='word_1_244' title='bbox 849 2702 882 2787; x_wconf 68' lang='lat' dir='ltr'>oi</span> <span class='ocrx_word' id='word_1_245' title='bbox 901 2731 925 2786; x_wconf 85' lang='lat' dir='ltr'>e</span> <span class='ocrx_word' id='word_1_246' title='bbox 946 2702 1018 2786; x_wconf 70' lang='lat' dir='ltr'>atat</span> <span class='ocrx_word' id='word_1_247' title='bbox 1040 2728 1115 2782; x_wconf 85' lang='lat' dir='ltr'>mm</span> 
     </span>
     <span class='ocr_line' id='line_1_30' title="bbox 99 2798 1114 2868; baseline -0.001 -15"><span class='ocrx_word' id='word_1_248' title='bbox 99 2799 205 2866; x_wconf 86' lang='lat' dir='ltr'>(IULII</span> <span class='ocrx_word' id='word_1_249' title='bbox 217 2802 276 2868; x_wconf 80' lang='lat' dir='ltr'>hP)</span> <span class='ocrx_word' id='word_1_250' title='bbox 288 2801 466 2856; x_wconf 82' lang='lat' dir='ltr'><strong>FRONTINI</strong></span> <span class='ocrx_word' id='word_1_251' title='bbox 478 2801 620 2857; x_wconf 81' lang='lat' dir='ltr'><strong>STRATE</strong></span> <span class='ocrx_word' id='word_1_252' title='bbox 633 2801 810 2858; x_wconf 81' lang='lat' dir='ltr'><strong>GEMATON</strong></span> <span class='ocrx_word' id='word_1_253' title='bbox 823 2803 933 2856; x_wconf 78' lang='lat' dir='ltr'>LIBER</span> <span class='ocrx_word' id='word_1_254' title='bbox 946 2798 1114 2867; x_wconf 80' lang='lat' dir='ltr'><strong>QUARTUS</strong></span> 
     </span>
     <span class='ocr_line' id='line_1_31' title="bbox 102 2869 540 2938; baseline 0.011 -17"><span class='ocrx_word' id='word_1_255' title='bbox 102 2869 234 2938; x_wconf 75' lang='lat'>(111111)</span> <span class='ocrx_word' id='word_1_256' title='bbox 254 2871 423 2927; x_wconf 80' lang='lat' dir='ltr'>EXPLICIT</span> <span class='ocrx_word' id='word_1_257' title='bbox 444 2873 540 2928; x_wconf 79' lang='lat' dir='ltr'>GHP</span> 
     </span>
    </p>
   </div>
   <div class='ocr_carea' id='block_1_7' title="bbox 0 0 1326 4046">
    <p class='ocr_par' dir='ltr' id='par_1_10' title="bbox 0 0 1326 4046">
     <span class='ocr_line' id='line_1_32' title="bbox 0 0 1326 4046; baseline 0 2"><span class='ocrx_word' id='word_1_258' title='bbox 0 0 1326 4046; x_wconf 95' lang='lat' dir='ltr'> </span> 
     </span>
    </p>
   </div>
  </div>
 </body>
</html>
