2616 4048
173 209 216 276 58
377 207 454 264 IULI
471 206 650 264 rnorfflru
668 205 992 262 srmruunmon

537 401 572 456 V.
599 401 648 457 ΒΕ
666 400 822 458 INSIDIIB.

242 534 269 597 1.
293 530 461 612 Romulus,
478 550 538 616 per
557 529 704 594 latebras
722 528 892 615 copiarum
909 533 1004 614 parte
1023 528 1192 613 disposita,

173 643 246 686 cum
279 620 320 685 ad
353 618 491 684 Fidenas
528 619 733 702 accessisset,
769 618 922 683 simulata
957 616 1037 704 fuga
1069 621 1193 684 temere

172 709 284 775 hostes
306 708 470 774 insecutos
495 729 532 772 eo
555 706 719 792 perduxit,
740 707 797 771 ubi
821 707 965 772 occultos
987 706 1109 772 milites
1131 705 1191 771 ha·

138 815 154 864 o
172 798 281 882 bebat‚
321 797 354 863 ui
367 795 509 881 undique
523 795 630 862 adorti
648 796 768 861 effusos
782 800 816 860 et
832 795 982 862 incautos
996 795 1192 862 ceciderunt.

240 887 270 953 2.
294 819 332 964 ὃ.
344 883 466 950 Fabius
485 881 648 950 Maximus
667 883 792 968 consul,
810 882 932 950 auxilio
952 881 1093 950 Sutrinis
1112 883 1193 950 mis-

173 997 228 1040 sus
257 974 412 1040 aduersus
438 973 611 1058 Etruscos,
639 994 752 1039 omnes
780 971 927 1040 hostium
955 974 1065 1058 copias
1092 973 1127 1038 in
1156 994 1193 1038 se

173 1065 348 1148 conuertit3
380 1063 494 1129 deinde
527 1062 681 1128 simulato
715 1062 833 1127 timore
860 1062 896 1127 in
923 1063 1090 1149 superiora
1118 1061 1195 1128 loca

172 1153 264 1219 uelut
294 1150 423 1238 fugiens
455 1152 589 1216 recessit
620 1151 784 1235 effuseque
812 1151 989 1216 subeuntes
1017 1150 1192 1236 adgresm

122 1260 155 1309 10
173 1263 240 1309 uon
268 1242 336 1307 acis
363 1244 493 1306 tantum
522 1240 704 1325 superauit,
736 1238 793 1304 sed
820 1240 920 1304 etiam
947 1239 1065 1306 cashis
1093 1240 1193 1304 exuit.

240 1330 270 1397 3.
294 1327 503 1414 Sempronius
527 1327 692 1394 Gracchus
717 1328 872 1394 aduersus
886 1326 1078 1411 ..Celtiberos
1101 1331 1193 1393 metu

174 1417 326 1484 simulato
351 1417 513 1483 continuit
535 1417 725 1503 exercitum3
750 1415 1006 1483 emissa¹deinde
1024 1421 1193 1482 armatura

172 1507 251 1590 leui,
275 1528 357 1592 quae
380 1505 509 1570 hostem
529 1506 761 1571 lacesseret'ac
780 1506 895 1572 statim
912 1505 1028 1590 pedem
1046 1505 1192 1588 referret,

175 1595 326 1660 euocauit
356 1594 482 1660 hostes:
514 1593 629 1659 deinde
658 1594 861 1660 inordinatos
889 1595 1060 1680 adgressus
1089 1615 1192 1680 usque

122 1700 155 1750 15
175 1705 212 1750 eo
236 1683 365 1767 cecidit,
387 1685 424 1746 ut
448 1682 548 1747 etiam
571 1687 681 1748 castra
703 1687 842 1767 caperet

239 1773 271 1836 4.
306 1771 343 1840 L.
364 1770 517 1838 Metellus
544 1771 658 1837 consul
684 1771 719 1836 in
747 1769 859 1837 Sicilia
886 1772 1008 1838 bellum
1035 1772 1192 1837 aduersus

173 1860 413 1926 Hasdrubalem
441 1880 572 1945 gerens,
602 1861 644 1926 ob
672 1860 839 1945 ingentem
866 1861 935 1926 eius
959 1861 1135 1926 exercitum
1158 1863 1192 1925 et

162 1947 293 2024 vCXXX
316 1949 505 2034 elephantos
527 1949 698 2030 intentior,
721 1949 875 2014 simulata
898 1949 1080 2014 diffidentia
1102 1948 1192 2014 iutra

172 2037 394 2104 Panhormum
422 2038 533 2123 copias
558 2038 665 2103 tenuit
687 2038 874 2123 fossamque
898 2039 1039 2124 ingentis
1063 2038 1192 2124 magni-

120 2143 154 2193 ιο
172 2126 295 2193 tudinis
320 2130 396 2192 ante
420 2126 572 2192 seduxit.
610 2131 782 2211 conspecto
806 2126 921 2192 deinde
945 2128 1087 2192 exercitu
1105 2125 1190 2192 Has·

173 2214 332 2300 drubalis,
355 2215 412 2301 qui
435 2216 469 2280 in
492 2215 598 2300 prima
616 2215 685 2280 acie
705 2214 895 2299 elephantos
918 2214 1075 2300 habebat,
1097 2236 1191 2299 prae·

173 2305 260 2389 cepit
285 2304 443 2389 hastatis,
468 2304 537 2369 tela
559 2305 594 2368 in
615 2304 729 2370 beluas
752 2305 896 2370 iacerent
917 2305 1130 2389 protinusque
1155 2324 1190 2368 se

173 2393 261 2460 intra
283 2394 484 2460 munimenta
506 2393 695 2478 reciperent.
742 2415 779 2458 ea
802 2393 1022 2460 ludificatione
1045 2397 1188 2458 rectores

173 2481 418 2566 elephantorum
449 2481 603 2548 concitati
635 2482 671 2546 in
702 2481 809 2566 ipsam
840 2482 963 2548 fossam
996 2481 1189 2566 elephantos
1301 2533 1302 2559 ι

120 2585 154 2635 25
173 2573 330 2724 ῖξὲιιιιιιΐ
348 2590 424 2721 lquo
456 2573 494 2634 ut
520 2569 662 2722 llimtlm
690 2569 784 2723 iqiquti
811 2574 900 2725 suntl'
932 2570 1053 2673 partim
1080 2569 1190 2722 mult}

173 2679 284 2847 rutilii
303 2678 652 2847 aclgrrrruiirrliguei‘hnh
675 2679 1189 2833 ptunquqqeuqsqnhasqqsopqq·

174 2855 261 2900 nens
285 2855 502 2918 occasronem,
526 2855 598 2899 cum
620 2837 691 2901 toto
717 2837 860 2902 exercitu
879 2836 988 2922 erupit
1006 2839 1039 2903 et
1058 2836 1188 2920 adgres-

174 2943 229 2988 sus
258 2945 278 2988 a
305 2923 406 2989 latere
434 2922 559 2988 Poenos
592 2923 709 2990 cecidit
739 2925 885 3011 ipsisque
913 2927 976 3007 [ut]
1005 2923 1189 3008 elephantis

119 3028 154 3076 30
172 3011 296 3100 potitus
320 3016 378 3077 est.

244 3157 261 3206 8
279 3150 415 3206 fidenates
429 3151 460 3206 t:
478 3151 525 3206 scd
538 3153 573 3218 cf.
588 3152 654 3207 Lis.
669 3157 696 3218 1,
710 3156 745 3208 14
761 3155 765 3220 Ι
785 3159 803 3206 4
821 3151 982 3221 perduxerit
991 3152 1027 3208 H
1040 3154 1044 3219 Ι
1061 3151 1188 3208 oiucuu-

171 3223 216 3278 tos
232 3220 278 3290 (iu
291 3222 324 3276 ia
335 3238 391 3277 rus.
401 3221 473 3291 h)H
486 3223 490 3292 Ι
507 3227 523 3276 6
538 3221 593 3289 Qui
606 3223 641 3278 H
656 3228 719 3279 ante
732 3239 788 3279 rue.
805 3227 809 3292 Ι
826 3229 842 3278 8
856 3223 886 3278 in
900 3223 1042 3290 superiore
1056 3222 1119 3277 loeo
1134 3221 1170 3277 H

174 3297 206 3347 11
226 3290 408 3362 sympronius
422 3292 458 3347 H
474 3296 478 3362 Ι
501 3309 618 3363 graccus
634 3293 681 3364 ΡΙ
708 3299 740 3350 18
759 3294 899 3350 lacessaet
916 3294 960 3349 H¹
978 3293 1162 3350 lacessereth

174 3367 207 3418 lo
222 3361 252 3417 L.
263 3361 321 3418 Ser.
342 3360 374 3428 Q.
385 3363 419 3417 H
423 3363 463 3418 P:
477 3364 511 3432 cf.
525 3369 554 3432 1,
564 3370 615 3430 7,1
633 3367 638 3433 1
662 3370 694 3418 17
714 3364 905 3420 hashubalem
919 3365 954 3420 H
966 3367 971 3433 Ι
988 3370 1022 3420 19
1036 3363 1188 3436 phanth0r·

171 3450 248 3488 mum
267 3432 302 3488 H
316 3448 481 3516 panormum
495 3435 545 3503 ΡΙ
565 3441 600 3490 20
619 3434 790 3490 hastrubalis
809 3436 844 3491 H
860 3438 865 3505 1
886 3442 920 3492 28
940 3452 974 3491 ea
1005 3439 1035 3491 et
1052 3452 1068 3491 a
1085 3435 1132 3501 ΡΙ
1154 3439 1187 3492 25

172 3503 328 3573 inlaqueat
342 3505 361 3560 d
377 3504 381 3576 l
397 3505 578 3562 multitudine
593 3505 721 3562 Herelius
745 3505 941 3576 magnitudine
992 3506 1020 3560 P
1039 3521 1145 3575 magua
1160 3508 1189 3562 ui
1297 3495 1298 3537 l

176 3573 245 3630 Orod.
273 3573 410 3646 grandine
430 3575 512 3632 (ἔσθιε
532 3577 537 3644 1
559 3581 594 3631 29
613 3579 645 3630 ut
662 3577 751 3633 delesti
769 3582 799 3634 et
816 3579 874 3636 edd.
