2616 4048
462 177 867 274 2132220225.Α
1081 215 1123 280 67

108 379 297 464 oneratique
323 380 445 464 pabulo
474 380 513 445 de
535 379 642 446 reditu
666 380 849 465 cogitarent
872 383 905 444 ct
927 379 962 442 hi
986 400 1123 464 quoque,

108 469 165 555 qui
191 469 227 534 in
255 467 395 533 statione
426 469 569 552 fuerant,
602 469 709 554 quiete
740 467 871 536 inuitati
900 466 940 533 ad
966 467 1123 551 pabulum

108 558 337 643 conligendum
352 556 581 642 dilaberentur,
600 557 709 623 emissi
723 559 864 643 primum
879 557 1018 641 Hispani
1036 557 1124 621 uelo·

107 647 207 712 citete
231 647 348 731 gentili
371 646 406 711 in
428 648 578 730 palantes
603 648 809 712 effunduntur
832 650 866 711 et
888 647 1124 711 conuulnerant

107 735 372 820 confunduntque
404 735 488 801 nihil
517 736 585 801 tale
616 739 847 820 exspectantes.
884 735 974 820 prius
1007 734 1160 800 deindet

107 847 205 910 quem
232 824 342 889 resisti
369 825 421 889 his
447 825 618 909 inciperet,
648 825 769 889 scutati
800 827 973 907 erumpunt
996 845 1013 888 e
1037 824 1124 888 saltu

107 918 141 978 et
176 913 346 978 redeuntes
384 914 419 978 in
456 913 602 979 ordinem
643 915 855 978 consternent
896 915 1123 996 euertuntque:

106 1002 309 1086 fugientibus
333 1001 458 1086 equites
482 1002 610 1067 inmissi
633 1004 706 1066 toto
730 1022 785 1067 eos
810 1001 933 1084 spatio,
956 1021 1019 1086 quo
1042 999 1124 1064 redi-

106 1092 205 1157 batur
227 1091 262 1155 in
285 1093 408 1173 castra,
442 1090 603 1174 persecuti
626 1089 774 1156 caedunt.
811 1092 957 1153 curetum
986 1109 1124 1173 quoque,

108 1201 151 1243 ne
174 1179 247 1262 quis
272 1178 442 1263 effugeret:
465 1200 542 1243 nam
565 1177 682 1261 reliqui
700 1175 780 1243 och
803 1177 928 1261 equites
951 1176 1124 1262 praemissi
1144 1195 1178 1244 10

107 1267 203 1332 facile
231 1287 290 1351 per
319 1265 509 1350 compendia
536 1265 691 1330 itinerum
719 1265 829 1332 effusis
857 1264 1008 1349 habenis,
1035 1268 1124 1330 ante-

110 1378 206 1441 quam
230 1355 271 1419 ed
294 1357 401 1419 castra
424 1353 559 1438 Pompei
580 1355 820 1439 perueniretur,
843 1354 991 1420 conuersi
1015 1375 1124 1419 occur-

108 1447 222 1509 rerunt
244 1443 305 1526 eis,
333 1443 388 1527 qui
415 1443 515 1527 primi
538 1443 700 1528 fugerent.
746 1443 899 1508 adonius
923 1443 971 1508 rei
994 1464 1125 1509 sensum

108 1531 264 1616 Pompeio
288 1532 458 1598 emittente
482 1532 642 1617 legionem
671 1555 745 1598 cum
772 1531 813 1598 D.
836 1531 946 1596 Laelio
970 1532 1005 1597 in
1032 1553 1124 1616 prae·

108 1620 228 1686 sidium
252 1642 392 1705 suorum,
411 1620 561 1687 subducti
587 1621 623 1687 in
650 1622 798 1688 dextrum
826 1622 913 1688 latus
940 1621 1030 1687 uelut
1058 1636 1177 1687 ces-15

107 1713 220 1776 serunt
238 1707 376 1795 equites,
400 1710 514 1776 deinde
538 1711 707 1776 circumita
732 1711 859 1797 legione
887 1710 971 1776 hanc
996 1731 1123 1795 quoque

107 1797 170 1883 (a)
188 1803 283 1882 tergo
305 1797 553 1884 infestauerunt,
572 1822 644 1865 cum
664 1800 730 1865 iam
745 1804 778 1864 et
793 1823 812 1864 e
830 1800 938 1864 fronte
953 1798 1009 1884 qui
1022 1799 1124 1884 pabu-

107 1888 230 1954 latores
239 1889 399 1971 perecuti
410 1892 504 1954 erant
513 1888 729 1955 incursarent:
745 1889 791 1954 sic
802 1889 889 1974 legio
901 1909 1029 1973 quoque
1038 1888 1124 1952 inter

107 1975 187 2041 duas
206 1976 292 2041 acies
310 1975 454 2043 hostium
473 1999 547 2042 cum
570 1979 679 2063 legato
699 1999 757 2043 suo
776 1978 855 2042 elisa
874 1981 932 2042 est.
970 1977 1010 2041 ad
1033 1977 1124 2041 cuius
1232 2055 1236 2062 ι

107 2065 306 2150 praesidium
334 2064 489 2150 Pompeio
516 2068 624 2131 totum
651 2066 804 2132 educente
832 2065 1021 2149 exercitum,
1051 2062 1122 2129 Ser·
1142 2082 1177 2135 2ο

106 2155 211 2220 torius
253 2174 381 2238 quoque
419 2176 435 2218 e
473 2154 611 2219 collibus
653 2176 728 2220 suos
767 2155 942 2219 instructos
980 2153 1124 2218 ostendit

108 2242 290 2326 effecitque,
317 2262 358 2306 nc
381 2242 537 2325 Pompeio
566 2243 746 2326 expediret:
773 2243 822 2307 ita
849 2246 978 2326 praeter
1006 2241 1124 2324 duplex

106 2331 272 2412 damnum,
292 2329 405 2395 eedem
425 2331 571 2395 sollertia
589 2331 741 2414 inlatum,
760 2332 976 2414 spectatorem
997 2351 1124 2414 quoque

107 2440 182 2484 eum
206 2417 306 2483 cladis
337 2440 470 2485 suorum
499 2419 669 2485 continuit.
715 2420 776 2484 hoc
799 2420 940 2503 primum
963 2419 1124 2504 proelium

105 2509 193 2573 inter
216 2505 395 2573 Sertorium
419 2511 453 2573 et
475 2507 665 2593 Pompeium
688 2508 764 2572 fuit:
787 2507 817 2574 X
839 2507 931 2573 milis
954 2506 1176 2574 hominumue

180 2688 193 2736 1
213 2680 255 2736 hii
272 2680 308 2735 H
320 2684 325 2752 Ι
340 2688 356 2738 2
371 2681 555 2738 instructione
569 2682 604 2737 H
617 2684 621 2749 Ι
637 2682 791 2754 4palantis
812 2681 858 2751 ΡΙ
875 2687 891 2736 5
910 2682 980 2754 tale]
1001 2683 1105 2737 tamH
1119 2683 1122 2754 l

107 2760 124 2808 6
142 2753 314 2822 inciperetur
327 2756 347 2810 d
362 2757 366 2822 Ι
383 2755 561 2824 erumpentes
580 2755 654 2809 saltu
669 2754 704 2809 H
722 2757 726 2822 Ι
747 2761 763 2810 'l
781 2753 923 2808 redeuntis
938 2753 984 2822 ΡΙ
1000 2756 1123 2810 conster-

105 2826 178 2880 nunt
190 2827 210 2882 d
224 2823 229 2898 t
245 2826 414 2895 uertuntque
427 2825 454 2879 P
473 2828 477 2893 Ι
494 2830 510 2880 8
530 2842 563 2881 eo
582 2825 615 2878 H
629 2828 633 2895 Ι
649 2825 809 2880 rediebatur
819 2825 852 2878 H
856 2824 888 2892 P,
907 2825 1007 2880 corant
1022 2829 1026 2894 Ι
1044 2831 1060 2879 9
1080 2842 1123 2880 ce-

106 2898 1121 2985 mmmmmmmwmfflmmffim

105 3003 142 3057 H
156 3007 220 3058 oute
237 3019 292 3058 raa.
311 3003 397 3070 fuisse
415 3003 533 3074 uestigia
550 3003 646 3057 docem
664 3002 751 3059 ccl).
765 3004 783 3057 lc
796 3003 827 3057 iu
840 3018 896 3057 rae.
915 3007 940 3056 ct
954 3001 982 3056 P
998 2999 1068 3054 Dec
1082 3000 1121 3071 cll

108 3079 141 3128 12
160 3074 316 3144 pompeiilr
331 3077 336 3142 1
352 3073 530 3128 occurrerent
542 3073 577 3126 H
589 3072 594 3144 1
611 3078 645 3126 14
659 3073 773 3142 pompei
786 3073 830 3126 H¹
846 3076 851 3140 Ι
868 3078 901 3126 15
920 3071 1064 3126 cesserunt
1081 3071 1123 3124 fu-

105 3144 246 3216 gieutcsd
261 3145 265 3216 1
283 3149 315 3198 16
330 3143 478 3199 circumite
491 3143 603 3212 legione
617 3145 756 3200 haesitque
768 3143 869 3212 scripsi
878 3145 1030 3212 praeeunte
1040 3142 1122 3196 Zeclu·

105 3217 228 3270 meistero
247 3217 276 3270 et
294 3232 357 3269 cum
375 3215 417 3270 itu
435 3215 546 3286 legione
563 3214 719 3284 (legionem
740 3215 778 3280 P)
796 3213 831 3266 H
833 3214 870 3268 P:
888 3215 1020 3268 uideatur
1034 3213 1122 3282 pluro

105 3287 238 3342 cecidisse
262 3289 266 3353 Ι
291 3290 323 3339 17
342 3303 360 3340 a
377 3287 480 3342 addd
505 3284 732 3351 [infestauerunt
753 3285 788 3338 H
806 3283 973 3339 infestarent
994 3283 1022 3335 P
1045 3284 1122 3344 liam

105 3358 194 3412 etiam
213 3357 252 3427 dl
273 3361 306 3410 22
327 3355 419 3411 effecit
438 3373 548 3425 quoque
567 3356 602 3409 H
606 3357 641 3424 P,
656 3357 759 3412 cornel
779 3355 783 3428 l
804 3360 867 3410 oute
886 3355 1029 3426 expediret
1047 3356 1122 3410 lacc-

105 3444 173 3484 acm
191 3443 244 3483 ecee
261 3427 454 3496 auspicabatur
470 3427 586 3484 Quietus
603 3426 633 3482 id
650 3429 832 3497 supplendum
847 3427 993 3496 proposcit
1006 3425 1100 3481 Wossc
1119 3426 1123 3496 l

107 3505 143 3553 24
162 3515 223 3554 eam
241 3499 276 3552 H
296 3498 401 3566 {certa
419 3499 473 3555 hoc
491 3499 611 3568 primum
631 3529 664 3538 -
684 3500 781 3553 auctor
799 3501 842 3552 est
859 3499 954 3553 dubito
974 3514 1012 3552 aa
1030 3499 1123 3552 alieno

106 3588 178 3644 ciat:
197 3589 233 3655 cf.
250 3588 340 3657 praes.
359 3586 380 3657 ,d
399 3593 416 3643 9
440 3589 446 3657 Ι
471 3592 506 3642 25
526 3575 566 3642 X
586 3585 733 3643 hominum
751 3587 786 3641 H

922 3674 960 3728 5*
