2642 4046
191 182 255 246 112
394 184 469 240 IULI
486 183 664 240 FRONTINI
683 183 1007 240 STRATEGEMATON

190 347 251 412 tim
279 346 415 412 credidit
441 347 631 431 transfugae
663 369 723 413 nee
749 351 861 412 tamen
887 369 956 412 rem
989 347 1206 432 spernendam

190 439 281 501 ratus
315 437 477 520 disposuit
505 437 540 500 in
567 435 691 501 insidiis
719 436 933 501 lectissimam
964 457 1097 502 manum
1132 459 1207 503 suo-

191 547 275 590 rum.
319 525 360 591 ab
387 547 425 589 ea
449 523 535 589 Galli
558 525 685 609 excepti
714 524 887 610 dupliciter
908 523 1080 591 Hannonis
1103 527 1207 592 consi-

191 613 237 678 lio
253 613 497 680 satisfecerunt:
521 617 553 678 et
567 612 732 680 Romanos
752 613 935 678 ceciderunt
954 617 986 678 et
1004 614 1068 698 ipsi
1090 635 1204 680 omnes

156 701 354 767 tinterfecti
379 706 464 766 sunt.

257 793 288 856 4.
321 791 486 856 Hannibal
515 791 614 856 simili
641 788 777 856 cdnsilio
806 813 840 856 se
865 813 884 856 a
906 791 1087 876 transfugis
1117 791 1206 858 ultus

190 884 248 944 est.
280 902 357 944 nam
372 902 444 944 cum
464 880 591 964 aliquos
610 902 648 944 ex
666 880 826 945 militibus
846 879 913 945 suis
932 881 1030 946 sciret
1048 881 1206 947 transisse

189 969 338 1052 proxima
364 973 460 1034 nocte
486 991 546 1034 nec
573 969 740 1054 ignoraret
763 969 982 1052 exploratores
1005 969 1150 1035 hostium
1171 970 1208 1036 in

190 1058 306 1123 eastris
326 1059 393 1122 suis
413 1080 492 1141 esse,
510 1057 621 1143 palam
639 1058 864 1142 pronuntiauit
879 1079 951 1122 non
970 1058 1087 1124 debere
1100 1062 1207 1124 trans·

140 1163 173 1212 10
192 1147 287 1231 fugas
319 1148 430 1212 uocari
459 1147 701 1213 sollertissimas
731 1147 872 1231 milites,
908 1146 965 1230 qui
987 1147 1096 1230 ipsius
1116 1147 1208 1213 iussu

192 1236 329 1300 exierint
352 1237 392 1300 ad
420 1236 610 1320 excipienda
636 1235 780 1300 hostium
804 1234 950 1300 consilia.
980 1235 1102 1301 auditis
1125 1257 1208 1320 quae

190 1325 430 1409 pronuntiauit,
458 1325 642 1390 retulerunt
676 1325 897 1407 exploratores
934 1323 975 1389 ad
1011 1347 1107 1390 suos:
1136 1329 1207 1390 tum
1301 1337 1302 1362 ¹

191 1413 418 1498 comprehensi
441 1436 461 1478 a
482 1413 639 1479 Romanis
662 1413 852 1496 transfugae
881 1417 914 1478 et
937 1414 1117 1498 amputatis
1140 1437 1209 1480 ma·

190 1503 287 1566 nibus
311 1501 441 1566 remissi
463 1507 546 1567 sunt.

139 1605 172 1654 15
258 1589 288 1656 5.
320 1589 495 1674 Diodotus,
525 1612 597 1655 oum
625 1591 788 1675 praesidio
812 1591 1038 1676 Amphipolim
1061 1595 1209 1658 tueretur

194 1682 227 1743 et
250 1679 313 1744 duo
344 1678 437 1743 milia
459 1679 619 1744 Thracum
648 1685 800 1763 suspecta
826 1680 982 1764 haberet,
1016 1701 1098 1764 quae
1120 1680 1210 1746 uide·

194 1766 312 1831 bantur
335 1768 449 1832 urbem
471 1768 645 1853 direptum,
668 1769 824 1834 mentitus
844 1773 894 1834 est
915 1790 1037 1853 paucas
1060 1769 1211 1834 hostium

193 1877 292 1920 naues
317 1855 463 1939 proximo
491 1857 583 1922 litori
605 1858 800 1941 adplicuisse
832 1879 951 1942 easque
974 1857 1072 1942 diripi
1094 1879 1209 1942 posse:

194 1967 258 2028 qua
281 1967 338 2028 ape
367 1946 552 2011 stimulatos
577 1947 720 2012 Thracas
745 1945 855 2012 emisit
886 1969 924 2012 ac
947 1945 1063 2012 deinde
1086 1946 1212 2013 clausis
1301 1979 1302 1992 ¹

143 2034 299 2118 repertis
323 2056 388 2099 non
411 2036 543 2119 recepit.

466 2245 551 2300 XVII.
579 2243 628 2299 DE
647 2241 926 2300 ERUPTIONIBUS.

259 2391 286 2454 1.
321 2390 480 2473 Romani,
518 2391 572 2474 qui
609 2391 645 2454 in
680 2390 843 2475 praesidio
877 2389 1211 2456 Panhormitanorum
1301 2459 1302 2466 χ

192 2482 303 2560 erant,
336 2478 484 2542 ueniente
514 2479 556 2543 ad
583 2479 787 2543 obsidionem
815 2478 1020 2544 Hasdrubale
1050 2501 1143 2546 raros
1168 2502 1211 2546 ex

178 2565 355 2630 ‘industria
373 2567 407 2630 in
427 2567 528 2632 muris
547 2572 725 2652 posuerunt
743 2565 943 2633 defensores:
967 2590 1107 2651 quorum
1128 2591 1210 2653 pau·

140 2668 174 2718 25
193 2655 291 2719 citato
315 2658 503 2738 contempta
527 2677 600 2721 cum
622 2657 770 2722 incautus
794 2657 895 2721 muris
920 2658 1108 2722 succederet
1122 2656 1209 2723 Has-

194 2743 319 2827 drubal,
344 2743 510 2827 eruptione
533 2744 618 2810 faeta
641 2745 825 2810 ceciderunt
848 2767 931 2810 eum.

257 2832 288 2895 2.
320 2831 480 2896 Aemilius
499 2831 629 2913 Paulus,
652 2834 813 2899 uniuersis
836 2833 1010 2919 Liguribus
1038 2835 1211 2919 inprouiso

194 2919 317 2985 adortis
342 2923 449 2986 castra
473 2922 551 3004 eius,
575 2923 726 2988 simulato
749 2924 869 2988 timore
892 2923 1031 2988 militem
1054 2923 1109 2989 diu
1132 2946 1211 2990 con·
1301 2945 1302 2950 ’

192 3009 302 3075 tinuit:
318 3009 432 3074 deinde
451 3010 591 3096 fatigato
611 3012 676 3076 iam
695 3012 790 3077 hoste
810 3014 965 3096 quattuor
983 3013 1088 3096 portis
1113 3035 1211 3098 erup-
1301 3031 1302 3092 ζ

142 3099 286 3163 actione
309 3099 398 3164 facta
422 3102 541 3165 strauit
564 3101 712 3186 cepitque
735 3101 882 3186 Ligures.

263 3279 278 3328 ‘1
298 3289 361 3327 oum
380 3274 415 3329 Η
429 3276 462 3329 ia
478 3277 555 3344 rua!
580 3281 596 3330 9
616 3276 731 3330 deberet
748 3275 800 3344 ΗΙ
823 3281 856 3330 10
875 3277 935 3360 qui]
955 3293 1011 3345 quo
1025 3277 1061 3330 H
1075 3277 1212 3344 quoniam

190 3344 210 3398 d
225 3347 230 3414 Ι
251 3349 283 3397 11
304 3344 400 3399 audita
418 3345 470 3414 Hl
492 3353 524 3401 13
544 3345 739 3418 comprehensi
756 3348 775 3401 d
793 3361 936 3415 conpressi
952 3347 1034 3418 ΗΡΙ
1052 3354 1084 3402 15
1104 3349 1213 3406 Diodo-

190 3415 236 3468 tus
255 3414 322 3469 ΗΡ
335 3415 474 3472 Diodorus
492 3419 551 3472 cdd.
570 3419 630 3473 coll.
649 3417 716 3472 Lia.
728 3421 773 3483 44,
786 3422 823 3472 44
838 3421 842 3485 Ι
860 3424 892 3474 16
912 3420 1043 3488 suspecta
1062 3449 1095 3460 -·
1110 3421 1213 3476 urbem

191 3500 241 3542 om.
256 3485 321 3551 11¹1
346 3493 377 3541 17
398 3488 441 3541 est
459 3503 509 3542 om.
524 3488 588 3556 H¹l
613 3494 645 3542 19
665 3488 749 3544 clasis
768 3489 812 3542 Ηι

262 3563 297 3612 26
315 3557 443 3612 incautas
462 3559 506 3612 H¹
531 3560 672 3614 incautius
691 3561 710 3615 d
