2616 4048
180 192 224 258 64
384 192 458 249 IUId
476 191 654 248 PRONTINI
675 190 998 248 STRATEGEMATON

180 356 286 440 prima
318 357 404 438 luce,
439 355 559 420 nebula
592 377 719 440 quoque
752 354 894 439 adiutus,
931 355 1033 421 aciem
1065 355 1196 422 direxit:

180 444 361 510 Flaminius
391 445 481 510 uelut
507 443 687 529 fugientem
715 445 900 528 insequens,
928 465 1002 510 cum
1025 447 1196 531 angustias

182 536 267 599 esset
285 534 463 620 ingressus,
480 554 547 598 non
562 535 637 598 ante
656 533 800 616 prouidit
818 532 963 615 insidias,
982 555 1081 618 quam
1100 533 1197 602 simul

181 644 201 687 a
219 622 341 704 fronte,
361 621 531 703 lateribus,
548 624 641 706 tergo
660 621 872 687 circumfusus
890 622 931 686 ad
950 621 1197 688 internicionem

146 723 254 776 ecum
278 711 421 776 exercitu
445 710 640 778 caederetur.

218 878 222 886 Ι
249 799 301 866 25.
332 798 424 865 Idem
456 798 624 864 Hannibal
657 799 812 864 aduersus
840 797 973 864 Iunium
1005 799 1198 866 dictatorem

181 893 277 955 noete
296 888 493 973 intempesta
511 886 569 954 Dc
588 888 752 973 equitibus
770 887 959 974 imperauit,
981 893 1019 953 ut
1035 889 1070 952 in
1088 890 1198 973 plures
1306 964 1307 979 χ

181 981 307 1043 turmas
340 977 503 1064 segregati
534 999 593 1062 per
624 976 712 1042 uices
745 976 814 1040 sine
844 976 1085 1043 intermissione
1112 979 1199 1044 circa

183 1070 291 1133 castra
313 1066 459 1132 hostium
477 1087 512 1131 se
532 1068 749 1132 ostentarem:
772 1064 821 1130 ita
838 1069 910 1131 tota
927 1069 1024 1132 nocte
1042 1065 1199 1132 Romanis
1301 1083 1303 1101 ¹

132 1168 164 1218 ιο
183 1156 218 1219 in
236 1156 323 1222 uallo
343 1155 483 1221 statione
502 1176 539 1220 ac
557 1155 683 1240 pluuia,
706 1175 788 1239 qnae
806 1151 891 1220 forte
911 1154 1064 1222 continua
1084 1155 1199 1240 fuerat,

183 1244 372 1328 inquietatis
406 1243 637 1328 coniectisque,
669 1265 743 1308 cum
775 1244 919 1327 receptui
947 1244 1077 1329 signum
1104 1265 1200 1310 mane

183 1331 293 1397 Iunius
331 1332 490 1415 dedisset,
522 1331 690 1398 Hannibal
723 1353 799 1398 suos
831 1333 993 1416 requietas
1026 1332 1150 1401 eduxit
1167 1337 1200 1399 et

185 1422 293 1485 castra
317 1422 386 1486 eius
409 1420 541 1486 inuasit.

251 1509 303 1575 26.
339 1508 584 1592 Epaminondas
617 1508 792 1574 Thebanus
824 1509 859 1574 in
891 1509 1028 1575 eundem
1059 1509 1202 1595 modum,

132 1609 165 1660 15
184 1617 257 1661 cum
289 1596 537 1662 Lacedaemonii
569 1597 632 1681 a<d
659 1596 832 1680 Is>thmon
862 1598 951 1663 uallo
982 1599 1079 1664 ducto
1106 1598 1202 1666 Pelo-

185 1706 331 1768 poneson
358 1689 542 1770 tuerentur,
573 1707 750 1770 paucorum
781 1709 880 1772 opera
907 1686 990 1752 lenis
1018 1691 1202 1754 armaturae

186 1777 258 1839 tota
285 1778 380 1839 nocte
403 1774 599 1859 inquietauit
621 1775 759 1841 hostem.
802 1797 839 1840 ac
862 1775 986 1858 deinde⁸
1000 1777 1108 1862 prima
1130 1777 1203 1842 luce

186 1861 390 1947 <re>uocatis
424 1863 507 1946 suis,
544 1886 616 1929 cum
648 1863 897 1929 Lacedaemonii
929 1885 963 1929 se
995 1865 1204 1948 recepissent

186 1951 295 2018 subito
318 1952 505 2018 uniuersum
530 1953 719 2035 exercitum,
747 1974 841 2038 quem
865 1954 1012 2037 quietum
1034 1954 1204 2039 habuerat,

133 2055 170 2106 20¹
187 2040 333 2106 admonit
355 2045 388 2106 et
410 2062 468 2125 per
490 2043 562 2126 ipsa
584 2042 787 2107 munimenta
804 2041 962 2107 destituta
984 2045 1205 2128 propugnato·

185 2128 275 2194 ribus
298 2131 429 2214 inrupit

253 2219 305 2283 27.
333 2217 500 2284 Hannibal
527 2218 650 2286 directa
679 2219 747 2285 acie
776 2219 816 2284 ad
840 2215 971 2285 Oannas
995 2218 1052 2285 Dc
1076 2221 1204 2304 equites

186 2306 344 2373 Numidas
372 2308 578 2394 transfugere
607 2308 715 2391 iussit,
748 2308 804 2392 qui
831 2307 873 2372 ad
899 2308 996 2372 fidem
1022 2307 1205 2374 faciendam

187 2396 315 2480 gladios
348 2400 381 2461 et
414 2397 507 2462 scuta
537 2398 660 2463 nostris
692 2397 896 2462 tradiderunt
925 2401 959 2460 et
985 2397 1020 2462 in
1051 2397 1206 2462 ultimum

134 2497 306 2569 coagmen
332 2485 467 2570 recepti,
496 2485 554 2550 ubi
581 2485 724 2569 primum
752 2486 900 2564 concurri
926 2486 1048 2569 coepit,
1080 2485 1205 2552 strictis

186 2573 366 2637 minoribus
389 2594 469 2656 quos
488 2573 734 2639 occultauerant
753 2573 884 2659 gladiis,
907 2573 1007 2639 scutis
1026 2575 1206 2641 iacentium

188 2660 383 2744 adsumptis,
407 2661 628 2726 Romanorum
652 2661 755 2727 aciem
778 2663 974 2728 ceciderunt.

259 2857 275 2905 2
294 2851 415 2906 flaminis
430 2852 495 2920 H¹l
516 2858 534 2906 4
552 2853 581 2924 a]
600 2853 631 2906 in
649 2854 684 2908 H
698 2861 762 2910 cate
779 2871 849 2912 corr.
866 2857 871 2924 Ι
891 2854 1112 2924 internecionem
1130 2855 1181 2910 bP

188 2929 204 2977 5
224 2923 337 2978 cederet
350 2922 385 2977 H
397 2925 402 2992 1
423 2922 607 2996 illllliuffium
625 2925 665 2992 (fe
679 2927 738 2982 uid.
752 2929 871 2996 erasum)
887 2926 922 2981 H
935 2930 939 2995 Ι
963 2933 978 2982 7
998 2925 1134 2981 sescentis
1153 2926 1182 2980 P

188 2993 219 3049 in
237 3009 286 3050 orn.
302 2994 352 3059 ΡΙ
379 3001 412 3052 10
430 2994 503 3051 forte
521 2995 591 3062 (fort
608 2997 641 3052 ia
657 3013 713 3052 roe.
731 2998 762 3065 b)
781 2997 817 3052 H
836 3001 840 3064 1
865 3003 897 3052 11
915 2996 1050 3068 inquietis
1068 2996 1098 3051 P
1116 2999 1119 3064 Ι
1141 3013 1208 3052 oon·

187 3065 312 3134 lectique
322 3065 358 3120 H
359 3065 368 3096 1
384 3071 387 3132 Ι
403 3083 485 3122 mane
504 3066 600 3122 Iunius
610 3068 787 3124 leobmaetcr
804 3068 882 3122 mani
899 3068 1022 3133 (romani
1031 3069 1060 3135 b)
1080 3067 1163 3122 unius
1174 3067 1212 3122 Η

189 3136 247 3191 iam
265 3136 358 3191 iunius
377 3137 422 3207 Pl
445 3143 481 3192 44
499 3138 702 3207 Epiminondae
721 3138 774 3207 ΠΙ
796 3144 828 3192 15
848 3139 886 3192 ad
904 3139 1031 3196 Isthmon
1049 3137 1209 3194 Pelenariae

190 3206 306 3262 athmon
320 3208 386 3262 ΗΡ
403 3209 439 3264 ad
454 3207 545 3264 Onion
559 3210 649 3267 Seria.
664 3210 726 3282 coll.
739 3209 871 3280 Polyaca.
884 3213 913 3277 2,
924 3214 979 3277 3,9
994 3211 999 3278 1
1015 3208 1208 3280 peloponeeon

189 3279 247 3344 (sed
265 3280 330 3346 pelo
349 3281 414 3335 add.
433 3281 463 3348 li)
479 3280 514 3334 H
528 3282 739 3352 peloponneeon
752 3281 798 3349 Pl
817 3286 849 3335 18
868 3280 1008 3336 reuocatis
1029 3280 1101 3338 Oud.
1119 3297 1208 3338 noua-

189 3348 226 3402 tis
245 3348 290 3402 H¹
313 3350 421 3404 uocatis
441 3353 459 3405 b
482 3354 598 3407 uocatus
616 3352 645 3408 P
665 3351 789 3406 euocatis
809 3351 888 3408 Sicco.
910 3353 915 3422 Ι
940 3356 973 3407 19
992 3351 1116 3407 excitum
1134 3349 1181 3406 H¹
1201 3352 1205 3424 Ι

189 3424 224 3473 20
243 3420 350 3474 amouit
363 3421 414 3490 ΡΙ
443 3427 477 3476 22
496 3422 610 3478 derecta
623 3422 669 3477 Η1
691 3425 695 3490 1
724 3423 785 3494 DC]
809 3422 958 3492 quingenti
971 3423 1036 3478 Liu.
1052 3429 1103 3490 22,
1116 3427 1164 3490 48,
1178 3427 1208 3482 2.

189 3489 433 3615 ssifgafflfflm
452 3497 565 3550 20--23
589 3496 594 3563 1
623 3499 657 3548 23
681 3493 762 3549 iussit
781 3523 814 3534 —
834 3496 913 3551 scuta
934 3510 986 3552 om.
1005 3493 1049 3548 Η1
1072 3498 1076 3563 Ι
1101 3500 1138 3550 24
1156 3509 1209 3550 no-
