2642 4046
205 222 269 288 124
402 221 480 279 IULI
497 221 675 278 FRON'I'INI
696 220 1020 278 STRATEGEMATON

203 389 301 466 retur,
325 387 401 451 dum
423 408 464 451 ne
488 387 560 470 quis
579 407 691 450 eorum
715 406 845 450 munere
869 389 1000 450 uacaret
1021 406 1104 449 neue
1122 386 1223 452 dona·
1303 401 1304 406 ’

203 478 293 540 retur
315 497 396 540 neue
411 475 497 559 quod
510 475 689 559 praemium
709 475 810 538 ferret
828 477 885 538 eut
903 474 938 538 in
956 472 1089 539 Italiam
1111 496 1222 558 repor-

203 566 342 648 taretur,
366 563 442 628 dum
467 563 566 628 Poeni
589 563 622 627 in
646 584 684 627 ea
706 562 854 628 fuissent

271 653 323 717 45.
352 652 395 717 Μ.
410 651 576 717 Salinator
595 652 775 717 consularis
794 651 966 716 damnatus
986 655 1036 715 est
1055 673 1074 714 a
1092 652 1224 735 populo,
1300 661 1304 703 l

169 741 290 824 equod
313 740 467 824 praedam
491 762 557 806 non
580 741 758 824 aequaliter
780 739 934 804 diuiserat
958 739 1128 806 militibus.

271 829 324 894 46.
357 826 439 894 Cum
464 831 504 894 ab
528 828 704 915 Liguribus
728 829 761 893 in
784 828 907 912 proelio
932 827 968 904 Q.
987 827 1124 892 Petilius
1148 850 1222 894 oon·
1298 830 1302 839 '

206 918 256 982 sul
278 918 470 983 interfectus
494 922 589 1001 esset,
611 918 754 984 decreuit
776 921 917 1002 senatus,
939 917 989 982 uti
1011 939 1050 980 ea
1068 917 1166 1002 legio,
1188 919 1223 983 in
1304 929 1305 948 ¹

205 1006 296 1072 cuius
325 1008 393 1072 acie
417 1009 530 1072 consul
554 1010 624 1072 erat
647 1007 786 1090 occisus,
813 1010 884 1072 tote
910 1005 1098 1090 infrequens
1122 1007 1223 1072 refer-

205 1100 308 1180 retur,
337 1096 533 1181 stipendium
562 1096 591 1160 ei
615 1118 758 1160 annuum
785 1117 852 1160 non
874 1095 1019 1173 daretur,
1047 1116 1123 1159 aere
1145 1096 1225 1161 reci·

153 1199 189 1249 10
209 1184 371 1250 derantur.

437 1359 472 1416 ll.
506 1357 554 1414 DE
574 1357 737 1414 EFFEOTU
756 1357 996 1416 DISCIPLINAE.

275 1505 303 1568 1.
337 1502 432 1569 Bruti
463 1508 497 1568 et
525 1499 618 1568 Cassi
651 1504 822 1585 exercitus,
854 1505 1028 1568 memoriae
1059 1503 1226 1587 proditum

206 1595 265 1672 est,
288 1593 374 1658 bello
398 1591 488 1657 ciuili
507 1614 581 1658 oum
598 1615 663 1656 una
680 1614 739 1676 per
752 1591 977 1657 Macedoniam
995 1594 1058 1657 iter
1080 1592 1227 1658 facerent

206 1679 359 1764 priorque
372 1679 494 1745 Brutus
509 1681 549 1746 ad
564 1681 709 1767 fluuium,
731 1680 766 1745 in
779 1703 843 1765 quo
865 1685 999 1766 pontem
1017 1680 1110 1766 iungi
1130 1703 1225 1767 opor-

155 1769 316 1850 latebat,
348 1770 566 1853 peruenisset,
598 1767 690 1834 (lassi
721 1773 831 1834 tamen
859 1770 1035 1835 exercitum
1066 1774 1099 1834 et
1121 1769 1157 1834 in
1181 1771 1226 1836 ef·

206 1858 344 1922 ficiendo
368 1863 468 1943 ponte
491 1863 524 1923 et
549 1858 584 1922 in
614 1858 807 1923 maturando
830 1859 972 1923 transitu
994 1858 1225 1942 praecessisse:

208 1946 263 2030 qui
293 1947 387 2032 uigor
415 1947 606 2033 disciplinae
639 1947 765 2032 effecit,
796 1969 837 2011 ne
865 1948 971 2014 solum
999 1949 1034 2012 in
1063 1948 1227 2034 operibus,

206 2057 320 2100 uerum
348 2039 381 2101 et
410 2038 444 2100 in
475 2059 602 2102 summa
632 2037 711 2101 belli
740 2040 946 2120 praestarent
974 2035 1122 2102 Cassiani
1144 2037 1226 2102 Bru·

207 2124 325 2190 tianos.

154 2227 189 2276 2ο
275 2214 305 2278 2.
337 2211 372 2279 O.
400 2212 541 2297 Marius,
572 2237 646 2280 cum
674 2213 865 2278 facultatem
894 2213 1034 2299 eligendi
1064 2215 1226 2281 exercitus

207 2303 344 2368 haberet
363 2325 401 2366 ex
421 2302 555 2388 duobus,
578 2303 634 2386 qui
658 2304 719 2367 sub
733 2299 860 2367 Rutilio
884 2303 991 2387 etqui
1014 2303 1074 2368 sub
1089 2301 1226 2369 Metello

208 2413 245 2456 ae
272 2394 388 2475 postea
415 2393 475 2456 sub
500 2392 627 2476 seipso
651 2397 853 2474 meruerant,
880 2389 1084 2456 Rutiliauum
1114 2415 1227 2477 quam·

208 2502 306 2564 quam
325 2480 492 2565 minorem,
516 2480 592 2564 quia
610 2479 757 2546 certioris
782 2479 970 2565 discipliuae
994 2481 1227 2564 arbitrabatur,

207 2570 423 2652 praeoptauit.
1156 2577 1160 2586 ’

155 2671 189 2720 25
276 2658 305 2722 3.
338 2657 503 2722 Domitius
522 2654 666 2722 Corbulo
690 2657 815 2722 duabus
834 2657 1019 2742 legionibus
1042 2662 1075 2722 et
1097 2659 1228 2742 paucis-

209 2745 299 2810 simis
324 2745 453 2810 auxiliis
477 2745 647 2830 disciplina
671 2751 815 2812 correcta
837 2745 976 2811 Parthos
1002 2746 1165 2812 sustinuit.

275 2835 305 2898 4.
339 2834 522 2898 Alexander
549 2833 682 2900 Macedo
710 2833 768 2898 XL
797 2835 926 2900 milibus
956 2835 1124 2901 hominum
1158 2837 1226 2901 iam

282 3086 296 3134 1
314 3082 431 3136 uocaret
449 3079 484 3134 H
500 3082 504 3150 1
529 3086 546 3135 2
564 3097 655 3150 neque
674 3081 750 3151 quod
769 3081 802 3135 H
808 3081 817 3111 ¹
837 3086 841 3148 l
866 3087 882 3135 3
896 3080 984 3135 Poeni
1002 3080 1044 3152 in]
1063 3087 1148 3152 poeni
1166 3082 1204 3137 H
1221 3085 1224 3154 1

208 3167 242 3207 ea
260 3151 379 3206 fuissent
391 3152 421 3207 P
435 3150 589 3207 exfuissent
603 3153 666 3208 GH
684 3169 718 3206 ea
736 3154 830 3208 essent
843 3153 927 3208 Ded:
944 3153 991 3208 red
1009 3155 1045 3220 cf.
1055 3170 1086 3221 p.
1101 3155 1166 3218 125,
1176 3158 1227 3210 26.

210 3226 327 3348 12t9,l·30
342 3221 438 3347 lGdum
457 3223 544 3278 Poeni
563 3225 627 3279 inde
647 3222 770 3278 exissent
787 3223 908 3291 Hartel!
934 3230 950 3278 6
970 3224 1085 3293 quintus
1104 3223 1203 3280 6111>
1221 3224 1225 3293 l

229 3310 276 3348 eu
288 3311 332 3347 rus

208 3312 227 3363 p
283 3369 315 3418 13
334 3364 388 3435 est]
409 3366 438 3419 et
456 3366 491 3419 Η
503 3367 508 3434 Ι
531 3373 563 3420 17
582 3367 629 3437 ne]
650 3366 683 3419 ut
699 3380 757 3420 non
773 3366 793 3420 d
810 3371 814 3424 Ι
837 3371 871 3421 18
890 3364 963 3420 bello
982 3365 1033 3420 11¹
1048 3366 1052 3435 Ι
1078 3371 1111 3420 22
1131 3365 1228 3436 ipsum

209 3437 341 3488 eruerant
356 3435 403 3508 ΡΙ
423 3453 592 3506 quamquam
608 3439 627 3492 d
645 3437 785 3504 quendam
801 3436 883 3492 6er
897 3437 1036 3505 quaedam
1051 3436 1099 3490 H?
1115 3438 1120 3505 Ι
1136 3437 1228 3492 mino·

209 3520 266 3559 rem
283 3505 396 3574 quidem
416 3507 465 3560 sed
480 3507 547 3576 quia
561 3507 684 3577 Scaliqer
699 3512 704 3576 Ι
720 3513 754 3562 23
774 3506 950 3563 correctioris
964 3507 1035 3562 Ded.
1052 3509 1057 3577 Ι
1073 3512 1107 3562 25
1126 3507 1228 3577 perrois

210 3594 296 3648 sumis
310 3593 376 3662 (mis
387 3611 421 3650 es
432 3598 506 3662 mus)
518 3594 543 3650 G
559 3595 565 3664 1
581 3601 613 3650 27
625 3595 690 3651 ,xa
704 3597 850 3652 hominum
861 3584 1036 3652 01111211.
1050 3595 1198 3652 hominum
1209 3597 1229 3652 le
