2616 4048
187 193 231 260 36
393 193 468 249 ΙΠΙιΙ
485 192 662 250 rnenTINI
681 192 1003 250 STRATEGEMATON

254 356 285 426 5.
317 357 562 442 Epaminondas
591 356 766 422 Thebanus
799 357 1002 424 contristetis
1034 359 1207 446 militibus,

188 446 275 532 quod
298 468 337 511 ex
358 445 457 512 haste
480 446 549 511 eius
572 449 800 512 ornamentum
826 444 948 512 infidae
974 468 1063 512 more
1086 448 1207 535 depen-

188 536 267 600 dens
303 538 422 601 uentus
460 534 606 600 ablutum
642 534 678 600 in
715 534 922 619 sepulchrum
955 534 1207 604 Lacedaemonii

188 624 353 690 cuiusdam
373 623 555 708 depulerat,
575 622 709 707 ‘nolite',
727 623 847 707 inquit,
866 622 1010 709 ‘milites
1027 625 1206 713 trepidare3

152 713 454 779 tLacedaemoniis
483 711 688 797 significatur
716 713 882 779 interitus:
915 713 1087 797 sepulchra
1116 715 1205 780 enim

186 801 355 868 funeribus
379 799 558 867 ornantur'.

254 892 284 955 6.
311 890 417 974 Idem,
440 913 514 956 cum
536 888 593 955 fax
616 889 655 954 de
679 889 770 957 caelo
793 894 890 956 nocte
912 889 1048 976 delapsa
1071 913 1126 957 eos
1149 893 1206 977 qui

187 977 488 1046 animaduerterunt
509 979 693 1063 terruisset,
716 977 869 1062 ‘lumen',
895 979 1017 1064 inquit,
1046 979 1124 1046 ‘hoc
1146 1001 1207 1046 nu-

185 1069 275 1135 mina
298 1067 502 1135 ostendunt'.

135 1173 168 1224 10
255 1160 284 1224 l.
313 1157 415 1242 Idem,
437 1157 582 1222 instante
606 1155 764 1222 aduersus
787 1155 1062 1223 Lacedaemonios
1085 1145 1207 1311 puqna,

188 1269 263 1313 oum
286 1246 387 1311 sedile
412 1247 448 1311 in
471 1266 535 1331 qno
558 1244 724 1311 resederat
746 1245 970 1312 succubuisset
994 1249 1028 1312 et
1049 1245 1083 1311 id
1105 1269 1148 1312 uu
1162 1267 1206 1332 go

187 1357 247 1420 pro
278 1336 369 1402 tristi
398 1335 628 1420 [exciperetur]
659 1333 897 1420 significatione
927 1333 1055 1401 confusi
1082 1335 1205 1401 milites

186 1424 495 1508 interpretarentur,
518 1420 654 1506 ‘immo',
675 1423 794 1507 iuquit,
818 1422 979 1488 ‘uetcmur
1001 1422 1134 1490 sedere'.

256 1512 285 1579 8.
309 1509 344 1577 0.
361 1510 524 1596 Sulpicius
544 1509 657 1576 Gallus
681 1510 842 1577 defectum
865 1512 961 1578 lunae
984 1512 1206 1594 inminentem,

137 1617 169 1666 15
187 1621 229 1665 ne
252 1622 312 1685 pro
337 1602 467 1665 ostento
491 1597 678 1683 exciperent
698 1600 834 1685 milites,
861 1600 1023 1684 praedixit
1050 1599 1207 1685 futurum,

189 1689 309 1755 additis
333 1687 515 1754 rationibus
539 1689 710 1774 causisque
733 1688 933 1755 defectionis.
979 1741 992 1776 ,

255 1777 286 1843 9.
309 1775 511 1863 Agathocles
531 1773 754 1861 Syracusanus
774 1777 930 1844 aduersus
949 1777 1087 1862 Poenos,
1102 1778 1207 1844 'simili

189 1866 334 1932 eiusdem
357 1865 472 1931 sideris
496 1866 717 1932 deminutione
740 1867 817 1951 quio
840 1867 900 1932 sub
920 1867 1004 1932 diem
1023 1887 1151 1953 pugnae
1169 1870 1208 1932 ut

187 1954 339 2040 prodigio
363 1955 485 2020 milites
510 1955 561 2021 sui
584 1956 785 2021 consternati
809 1959 915 2040 erant,
937 1956 1064 2021 ratione
1086 1977 1150 2040 qua
1172 1957 1207 2021 id

135 2061 170 2111 20
188 2043 349 2110 accideret
362 2044 512 2129 exposita
525 2044 644 2124 docuit,
663 2043 819 2129 quidquid
837 2044 919 2110 illud
932 2045 1028 2126 foret,
1042 2044 1084 2110 sd
1096 2065 1207 2110 rerum

187 2135 353 2218 naturam,
376 2155 443 2199 non
467 2133 507 2197 ad
528 2133 677 2218 ipsorum
699 2133 905 2218 propositum
927 2134 1100 2217 pertinere.

257 2223 309 2288 10.
331 2221 483 2302 Pericles,
506 2243 580 2287 cum
602 2221 637 2286 in
660 2225 769 2288 cestra
792 2221 860 2288 eius
882 2221 1006 2287 fulmen
1032 2221 1207 2288 decidisset

187 2311 422 2396 terruissetque
450 2310 587 2394 milites,
616 2310 776 2377 aduocata
802 2311 953 2377 contione
979 2311 1144 2396 lapidibus
1171 2311 1207 2375 in

68 2418 73 2471 ῒ
188 2404 365 2485 conspectu
392 2400 537 2466 omnium
560 2399 693 2465 conlisis
716 2400 827 2485 ignem
850 2399 993 2466 excussit
1016 2398 1206 2485 sederitque

136 2503 169 2554 25
188 2489 481 2572 conturbationem,
499 2510 573 2554 cum
589 2488 753 2553 docuisset
767 2488 917 2554 similiter
929 2489 1066 2554 nubium
1080 2488 1206 2554 adtritu

73 2580 80 2625 '³
188 2579 295 2644 excuti
316 2577 449 2642 fulmen.

76 2638 85 2676 ἃ
258 2667 309 2732 11.
345 2664 534 2730 Timotheus
565 2647 781 2729 Atheniensis
818 2665 974 2731 aduersus
1006 2663 1206 2750 Corcyraeos

264 2863 278 2910 1
303 2854 512 2925 Epimanondos
536 2853 596 2910 (ΞΗ
621 2856 626 2925 Ι
654 2855 811 2912 theobanus
834 2856 878 2911 H¹
903 2859 908 2926 1
938 2861 954 2910 2
977 2857 1132 2926 inpendens
1152 2857 1177 2913 0
1200 2858 1204 2928 1

190 2934 209 2982 4
226 2927 368 2983 detulerat
387 2925 457 2982 Oud.
475 2929 481 2995 Ι
500 2930 516 2981 t
534 2925 652 2982 interius
670 2926 716 2981 Ηι
736 2929 740 2997 Ι
765 2933 781 2982 6
800 2927 963 2982 muneribus
979 2927 1054 2983 Bar.
1077 2928 1107 2982 in
1125 2928 1207 2984 fune·

190 2998 268 3054 ribus
286 2998 316 3054 S.
327 2997 361 3053 G.
371 2998 416 3053 De
431 2997 508 3054 Vries
524 2999 529 3066 Ι
545 3002 561 3052 ‘1
581 2998 939 3068 quianonaduerteruntH²
957 2999 1007 3068 qui
1023 2999 1207 3054 aduerterunt

190 3070 237 3142 ΡΙ
263 3075 295 3125 11
316 3066 435 3141 sedillsle
453 3069 537 3136 (duee
555 3070 607 3125 lin.
625 3074 731 3137 nusae)
746 3070 799 3141 ΗΙ
820 3075 853 3125 12
872 3070 1048 3139 exciperetur
1065 3071 1117 3126 del.
1131 3071 1209 3127 edd:
1292 3073 1293 3085 ¹

190 3143 225 3208 cf.
242 3141 332 3210 praef.
350 3138 421 3211 §13
446 3141 451 3211 Ι
476 3138 711 3211 significationem
730 3140 762 3195 Η
780 3145 844 3196 aare
860 3156 916 3197 ras.
935 3146 961 3198 et
975 3141 1004 3195 P
1027 3143 1031 3210 Ι
1055 3157 1107 3211 pro
1129 3140 1209 3196 tristi

191 3211 366 3293 exciperetur
388 3211 604 3282 significatione,
631 3212 660 3266 et
682 3212 722 3267 sic
745 3209 892 3266 confnsid
938 3227 970 3266 rc
989 3212 1010 3267 t.
1031 3210 1208 3282 exciperetur

189 3281 774 3424 lffhltllt’tirhtldtftith
790 3279 1021 3425 leeffrrn
1033 3283 1100 3409 'c‘-
1114 3287 1208 3410 Mei

190 3395 247 3480 cles
256 3424 292 3478 H
294 3424 323 3478 P
336 3425 341 3494 Ι
359 3370 463 3493 18pqua
475 3425 543 3493 bP!
559 3430 594 3479 20
608 3395 755 3480 accederet
765 3423 795 3477 H
799 3422 834 3492 P,
852 3441 922 3481 corr.
936 3426 995 3482 edd
1015 3353 1185 3481 recredita
1201 3424 1207 3498 Ι

190 3501 225 3550 23
244 3493 444 3565 terruissetque
464 3499 531 3566 (que
548 3500 695 3564 superser.)
709 3494 761 3561 ΗΙ
784 3500 819 3549 24
837 3497 1018 3567 conspectum
1037 3495 1082 3565 ΡΙ
1103 3501 1137 3552 25
1157 3497 1209 3552 ad·

190 3566 274 3622 tritus
286 3567 323 3621 H
337 3571 469 3623 anteros.
489 3567 496 3636 Ι
517 3570 552 3620 2‘1
571 3581 714 3636 cercyrecs
728 3565 764 3622 Η
778 3566 914 3623 cercireos
931 3566 965 3634 P,
984 3582 1053 3624 corr.
1073 3568 1133 3624 edd.
