2616 4048
494 210 603 267 LIBER
621 213 642 267 1.
673 211 749 268 CAP.
771 218 794 265 1.
1130 211 1150 275 5

139 397 211 442 eum
233 374 319 439 forte
341 375 376 439 in
397 374 494 440 horto
519 374 713 457 ambularet,
736 374 886 439 decussit.
926 374 1058 438 nuntius
1083 375 1153 440 sine

137 484 294 546 responso
326 485 474 530 reuersus
506 463 708 528 renuntiauit
740 463 938 530 adulescenti
966 463 1153 548 Tarquinio,

138 552 217 637 quid
250 556 401 636 agentem
432 556 561 637 patrem
593 551 743 637 uidisset:
775 553 830 616 ille
862 551 1035 636 intellexit,
1066 551 1153 616 idem

140 662 210 706 esse
234 641 451 707 eminentibus
474 640 668 706 faciendum.

206 730 234 797 5.
259 727 293 795 Ο.
308 727 436 813 Caesar,
456 729 542 814 quod
557 734 743 813 suspectam
757 730 902 794 habebat
915 729 1153 814 Aegyptiorum
1172 745 1188 794 5

137 819 247 902 fidem,
270 839 328 902 per
352 819 492 904 speeiem
516 818 919 903 securitatis'inspectioni
941 819 1032 882 urbis
1056 820 1153 901 atque

138 929 272 992 operum
292 929 330 972 ae
349 908 446 972 simul
464 907 688 972 licentioribus
708 908 867 973 conuiuiis
887 906 1028 989 deditus,
1051 907 1154 971 uideri

138 997 244 1061 uoluit
272 999 403 1079 captum
431 1018 465 1061 se
493 995 602 1080 gratia
632 997 780 1061 locorum
813 995 854 1059 ad
883 1016 989 1059 mores
1017 994 1154 1060 Alexan·

138 1085 249 1150 drinos
277 1084 443 1167 uitamque
471 1083 621 1148 deficere:
649 1089 745 1168 atque
769 1085 949 1148 inteream
973 1083 1154 1147 dissimula·

137 1175 263 1238 tionem
286 1171 490 1255 praeparatis
514 1171 670 1235 subsidiis
694 1171 865 1254 occupauit
887 1171 1085 1255 Aegyptum.
1174 1189 1208 1237 10

207 1261 237 1325 6.
265 1257 439 1324 Ventidius
462 1259 616 1323 Parthico
641 1260 726 1324 bello
750 1261 903 1324 aduersus
927 1258 1085 1325 Pacorum
1109 1282 1155 1324 re·

141 1369 230 1434 gem,
251 1368 318 1411 non
340 1348 473 1432 ignarus
495 1347 703 1414 Pharnaeum
727 1348 900 1432 quendam,
922 1349 1056 1414 natione
1078 1347 1155 1433 Cyr-

139 1436 296 1519 rhestem,
315 1457 354 1500 ex
372 1436 423 1501 his
442 1436 497 1520 qui
516 1437 596 1502 socii
615 1437 818 1520 uidebantur,
838 1438 947 1503 omnia
967 1460 1050 1522 quae
1070 1438 1156 1522 apud

138 1525 228 1610 ipsos
261 1529 436 1609 agerentur
467 1525 618 1590 nuntiare
646 1525 792 1609 Parthis,
823 1527 992 1611 perfidiam
1024 1527 1156 1591 barbari

139 1615 181 1678 ad
205 1613 365 1679 utilitates
394 1636 468 1679 suas
497 1615 666 1680 conuertit.
711 1638 788 1680 nam
815 1637 897 1699 quae
920 1615 1061 1680 maxime
1084 1615 1155 1679 fieri
1175 1630 1207 1678 15

137 1703 302 1788 cupiebat,
326 1726 364 1768 ea
382 1705 487 1768 uereri
507 1725 541 1768 se
559 1725 602 1768 ne
622 1703 816 1786 acciderent,
840 1726 922 1788 quae
944 1703 1095 1786 timebat,
1118 1726 1156 1768 ea

138 1797 174 1856 ut
203 1793 371 1856 euenirent
398 1796 511 1877 optare
539 1791 725 1876 simulabat.
772 1792 930 1858 sollicitus
961 1793 1084 1876 itaque,
1114 1815 1155 1857 ne

137 1879 252 1945 Parthi
282 1883 357 1946 ante
384 1881 564 1946 transirent
590 1880 796 1965 Euphraten,
829 1904 926 1966 quam
955 1881 1017 1945 sibi
1046 1903 1156 1963 super-

138 1969 288 2033 uenirent
317 1969 462 2054 legiones
491 1991 571 2053 quas
598 1970 634 2033 in
662 1967 869 2054 Cappadocia
897 1975 987 2034 trans
1012 1969 1155 2034 Taurum

136 2057 295 2138 habebat,
327 2057 470 2122 studiose
504 2079 577 2122 cum
609 2058 775 2140 proditore
808 2059 892 2143 egit,
924 2059 973 2123 uti
1006 2058 1155 2123 sollemni
1173 2074 1208 2123 20

137 2145 272 2228 perfidia
290 2144 424 2210 Parthis
448 2145 610 2228 suaderet,
634 2168 692 2229 per
710 2145 854 2230 Zeugma
872 2147 1047 2210 traicerent
1070 2168 1156 2210 exer·

139 2232 254 2314 citum,
285 2252 348 2313 qua
377 2238 410 2295 et
432 2232 659 2296 breuissimum
682 2233 745 2297 iter
768 2238 819 2297 est
843 2237 876 2297 et
898 2234 1038 2298 demisso
1062 2235 1155 2299 alueo

138 2317 325 2401 Euphrates
354 2319 510 2383 decurrit:
540 2339 681 2403 namque
705 2321 734 2385 si
756 2322 814 2385 illa
835 2322 997 2404 uenirent,
1026 2321 1155 2386 adseue-

136 2407 236 2472 rabat
259 2427 294 2470 se
318 2407 563 2492 opportunitate
591 2409 723 2473 collium
750 2431 885 2474 usurum
913 2409 953 2474 ad
981 2410 1155 2475 eludendos

135 2495 345 2580 sagittarios,
378 2496 489 2561 omnia
520 2498 629 2560 autem
661 2498 779 2581 uereri,
811 2499 839 2563 si
871 2520 907 2564 se
939 2499 1024 2563 infra
1052 2499 1153 2583 (per)
1173 2517 1209 2566 25

130 2583 280 2671 patentis
300 2605 432 2668 campos
451 2584 673 2668 proiecissent
705 2585 831 2652 inducti
849 2588 910 2653 hac
929 2587 1154 2654 adfirmatione

130 2673 271 2740 barbari
289 2672 441 2739 inferiore
459 2674 574 2738 itinere
592 2695 651 2758 per
668 2674 838 2741 circuitum
853 2676 1054 2742 adduxerunt
1068 2700 1154 2743 exer·

130 2763 238 2830 citum
269 2761 408 2845 dumque
440 2761 580 2828 fusiores
607 2763 696 2848 ripas
726 2766 758 2829 et
787 2766 827 2830 ob
861 2766 924 2831 hoe
952 2767 1154 2851 operosiores

209 2941 225 2990 2
245 2929 417 2990 arblescenti
430 2936 469 3004 bl
492 2942 508 2990 3
527 2937 637 3005 partem
652 2938 696 2991 Η1
712 2938 716 3010 Ι
732 2944 750 2992 4
763 2944 829 3008 post
843 2939 925 2994 emin.
945 2941 1025 2994 addo
1043 2939 1153 2994 ciuibus

125 3007 266 3070 Herelius
285 3006 402 3061 Gabinis
420 3007 508 3074 Ded.;
524 3007 572 3061 sed
590 3009 625 3074 ef.
645 3008 710 3066 Tae.
729 3009 798 3079 Agr.
814 3015 831 3065 5
852 3013 856 3078 Ι
877 3015 893 3064 5
913 3009 942 3066 Ο.
962 3026 1012 3066 om.
1026 3009 1073 3078 ΡΙ
1093 3025 1152 3064 eae·

125 3098 181 3138 sar
201 3078 242 3144 H,
259 3079 305 3132 sed
324 3094 339 3132 c
357 3079 389 3131 io
401 3093 458 3132 ras.
472 3079 510 3144 bl
531 3086 547 3133 6
566 3079 739 3148 inspectione
754 3081 823 3147 ΗΡ,
841 3097 911 3136 corr.
925 3078 964 3150 dl
987 3086 1003 3134 8
1023 3083 1152 3148 eaptuse

123 3155 158 3212 P
181 3151 187 3219 Ι
213 3152 246 3203 ut
264 3149 299 3202 ad
315 3149 344 3201 P
369 3150 398 3202 et
416 3148 452 3203 ad
471 3149 546 3216 edd.;
564 3150 599 3215 ef.
614 3153 706 3218 praef.
725 3150 776 3221 §1
797 3159 802 3215 Ι
828 3158 844 3205 9
865 3150 998 3205 deficeret
1015 3150 1085 3217 ΗΡ,
1103 3168 1151 3206 esu.

121 3223 195 3283 edd.
218 3221 223 3286 Ι
250 3224 282 3272 12
297 3218 474 3273 Pharnaeum
490 3219 561 3274 Oud.
584 3221 712 3275 farneum
727 3220 806 3288 HP;
824 3221 1082 3291 XuvvulovDi049,
1093 3227 1129 3277 19
1146 3222 1149 3293 l

122 3290 301 3366 cyrrhesten
319 3288 347 3343 P
367 3291 371 3356 Ι
398 3295 431 3344 13
450 3290 535 3360 quae]
555 3290 604 3358 qui
622 3291 667 3344 Η1
687 3299 692 3357 l
719 3297 751 3346 15
770 3297 808 3345 na
826 3307 898 3359 quae
917 3293 1069 3362 (serpulum
1087 3294 1151 3348 odd.

120 3375 151 3426 et
173 3377 253 3433 quae
277 3362 309 3414 iu
331 3375 386 3415 sos.
405 3361 516 3428 scripsit
533 3361 563 3428 b)
582 3361 614 3414 Η
638 3365 642 3428 Ι
673 3367 707 3417 16
725 3362 866 3417 timebant
880 3363 914 3416 Η
936 3362 940 3432 Ι
971 3368 1003 3416 17
1022 3363 1152 3417 uenirent

119 3441 236 3510 optare
256 3434 285 3499 (o
303 3433 336 3485 iu
349 3445 404 3485 ros.
418 3432 449 3500 b)
462 3431 493 3484 H
509 3434 513 3499 1
529 3431 714 3487 simulabatur
727 3433 778 3500 ΗΙ
798 3439 832 3487 22
852 3433 974 3488 demisso
992 3435 1039 3488 uir
1057 3435 1152 3488 docum

119 3505 214 3580 apud
231 3501 301 3557 0αὰ.
316 3499 420 3556 omisso
431 3501 465 3555 H
468 3503 496 3555 P
513 3503 662 3558 commisso
678 3503 748 3558 Oud.
766 3510 770 3569 Ι
786 3509 820 3557 23
841 3503 908 3558 eufr.
918 3504 999 3573 ΗΡΙ
1019 3503 1087 3557 illac
1102 3505 1147 3574 Pl

7 3551 43 3602 Ψ
116 3587 158 3640 25
173 3591 235 3650 per
245 3561 460 3630 addfflm
469 3573 532 3628 odd.
543 3573 613 3628 Ouo.
631 3580 635 3639 Ι
651 3579 685 3628 27
693 3573 876 3646 (flexercitum
887 3577 967 3642 (eros
978 3575 1060 3628 stessi
1069 3574 1154 3642 ex)H
