2642 4046
453 217 564 273 LIBER
583 209 629 274 IV.
658 216 735 274 GAP.
756 225 780 274 1.
1065 218 1126 284 121

114 381 187 446 loco
215 378 364 466 fugitiuis
393 384 549 464 cesserat,
576 381 683 446 cinctu
711 384 809 466 togae
837 383 997 467 praeciso,
1021 381 1130 446 soluta

116 469 243 553 tunica,
267 469 361 534 nudis
383 470 518 554 pedibus
543 471 577 535 in
600 469 767 555 principiis
792 471 909 535 cotidie
933 475 1029 549 stare,
1052 470 1128 534 dum

6 621 7 638 ,
113 558 231 643 uigiles
254 559 417 643 uenirent,
444 559 553 644 iussit,
579 559 736 624 conuiuiis
760 563 793 624 et
816 561 933 627 balneo
957 559 1128 625 abstinere.

183 649 236 714 27.
269 645 360 712 Sulla
382 648 549 713 cohortem
569 652 601 712 et
621 648 833 732 centuriones,
857 671 995 733 quorum
1019 649 1129 713 statio-

113 757 187 800 nem
211 736 314 802 hostis
337 741 535 822 perruperat,
558 737 706 821 galeatos
731 742 764 803 et
787 737 961 804 discinctos
984 740 1164 822 perstaret

115 826 150 890 in
173 825 342 911 principiis
364 826 471 892 iussit.

180 915 232 980 28.
264 914 429 980 Domitius
458 912 599 980 Corbulo
628 914 663 977 in
689 914 845 979 Armenia
872 914 1014 979 Aemilio
1038 913 1128 978 vRufo

113 1004 278 1088 praefecto
309 1004 471 1087 equitum,
503 1003 580 1087 quia
607 1001 757 1068 hostibus
786 1007 928 1068 cesserat
955 1007 988 1067 et
1015 1024 1129 1086 parum
1225 1065 1234 1082 ,
1285 1085 1290 1095 ¹

6 1083 8 1128 l
113 1093 306 1157 instructam
330 1092 430 1156 armis
454 1091 541 1156 alam
564 1091 717 1175 habebat,
739 1091 935 1156 uestimenta
957 1112 1015 1176 per
1038 1091 1131 1156 licto-

114 1202 184 1245 rem
208 1180 304 1262 scidit
327 1181 494 1264 eidemque
522 1183 559 1244 ut
587 1183 658 1244 erat
685 1179 817 1245 foedato
846 1179 962 1245 habitu
985 1185 1129 1263 perstare
1150 1197 1182 1246 10

6 1347 7 1356 ἵ
113 1269 149 1332 in
173 1268 348 1351 principiis,
371 1267 472 1332 donec
495 1269 712 1352 mitterentur,
734 1269 916 1352 imperauit.

183 1357 235 1422 29.
268 1357 389 1420 Atilius
411 1356 565 1442 Regulus,
588 1378 661 1440 cum
685 1379 724 1422 ex
749 1355 880 1423 Samnio
903 1358 939 1423 in
960 1356 1131 1422 Luceriam

115 1444 398 1530 transgrederetur
417 1447 638 1530 exercitusque
657 1446 726 1511 eius
745 1447 851 1512 obuiis
870 1447 1021 1512 hostibus
1040 1468 1130 1510 auer-

6 1545 7 1548 ’
116 1555 171 1598 rus
195 1540 289 1617 esset,
312 1536 463 1618 opposita
480 1535 614 1600 cohorte
637 1535 733 1600 iussit
755 1535 918 1620 fugientes
941 1558 1001 1621 pro
1025 1535 1130 1600 deser·

114 1623 242 1687 toribus
265 1622 366 1688 caedi.
1152 1641 1185 1690 15

182 1711 235 1777 30.
268 1711 368 1776 Cotta
391 1713 504 1777 consul
527 1714 562 1776 in
586 1711 697 1777 Sicilia
723 1712 758 1777 in
780 1711 961 1798 Valerium,
989 1715 1131 1779 nobilem

114 1800 283 1864 tribunum
298 1801 438 1865 militum
452 1823 490 1864 ex
505 1804 601 1884 gente
613 1800 753 1882 Valeria,
771 1802 876 1885 uirgis
891 1803 1131 1867 animaduertit.
1204 1787 1239 1858 Χ

182 1889 234 1953 31.
261 1888 352 1952 ldem
367 1890 401 1952 P.
416 1891 585 1954 Aurelium
603 1890 762 1973 sanguine
780 1891 843 1954 sibi
857 1891 1011 1973 iunctum,
1036 1913 1131 1975 quem

116 1977 278 2042 obsidioni
296 1977 503 2060 Lipararum,
525 1978 595 2060 ipse
620 1978 660 2041 ad
684 1977 829 2063 auspicia
851 1980 1027 2062 repetenda
1048 1980 1131 2044 Mes·
1229 2009 1231 2013 ’

116 2088 230 2131 sanam
249 2067 454 2146 transiturus,
476 2066 685 2149 praefecerat,
709 2088 781 2130 cum
801 2087 901 2150 agger
924 2068 1074 2132 incensus
1098 2071 1130 2132 et
1150 2084 1184 2133 20

115 2158 213 2239 capta
236 2157 344 2218 castra
371 2157 491 2228 essent,
518 2155 623 2238 uirgis
651 2175 780 2218 caesum
810 2154 1036 2219 innumerum
1060 2177 1131 2240 gre·

117 2241 242 2326 galium
266 2241 411 2323 peditum
434 2241 549 2305 referri
572 2247 605 2306 et
628 2243 816 2307 muneribus
838 2243 933 2326 fungi
955 2243 1061 2312 iussit.

184 2329 236 2394 32.
267 2329 402 2393 Fuluius
417 2328 552 2394 Flaccus
571 2351 685 2394 censor
697 2329 851 2395 Fuluium
870 2331 1004 2396 fratrem
1028 2355 1132 2414 suum,

116 2417 193 2501 quia
215 2417 393 2501 legionem,
415 2419 450 2481 in
474 2439 537 2503 qua
560 2419 711 2483 tribunus
735 2419 875 2484 militum
900 2423 982 2502 erat,
1005 2421 1131 2486 iniussu

114 2505 257 2570 consulis
280 2506 461 2590 dimiserat,
485 2511 599 2572 senatu
622 2507 735 2573 mouit.
1149 2525 1183 2573 ao

182 2594 235 2660 33.
267 2593 311 2662 Μ,
330 2593 412 2661 Gaio
436 2596 476 2661 ab
500 2595 617 2661 hostili
637 2597 746 2682 litore,
772 2597 807 2662 in
837 2618 901 2682 quc
923 2619 982 2682 per
1005 2598 1131 2682 aliquot

116 2682 184 2748 dier
207 2690 385 2768 manserat,
413 2707 486 2749 cum
512 2684 662 2751 tardato
690 2685 902 2769 profectionis
931 2687 1024 2771 signo
1048 2687 1130 2751 clas·

116 2793 185 2837 sem
213 2772 365 2838 uoluisset
392 2779 425 2838 et
452 2775 583 2839 relictus
612 2796 629 2838 e
658 2775 817 2840 militibus
846 2774 976 2858 quidam
1000 2780 1131 2840 eterra

115 2881 195 2926 uoce
219 2866 252 2926 et
275 2868 368 2947 gestu
392 2865 629 2947 expostularet,
655 2865 704 2928 uti
726 2864 909 2947 tolleretur,
937 2865 1131 2929 circumacta

115 2949 156 3013 ad
174 2950 251 3016 litus
266 2951 418 3016 uniuersa
432 2953 546 3036 classe,
568 2953 838 3036 comprehensum
857 2954 1016 3037 supplicio
1036 2953 1130 3017 adfici
1149 2967 1184 3017 30

6 3149 7 3162 χ
189 3095 202 3143 1
223 3090 316 3145 cinctu
334 3091 353 3145 d
372 3090 464 3145 cincto
478 3090 545 3145 GH
547 3090 575 3144 P
589 3092 594 3163 Ι
614 3091 755 3160 praesciso
771 3091 800 3143 P
814 3093 819 3161 Ι
839 3098 855 3146 2
875 3094 949 3147 stare
967 3095 999 3147 in
1016 3108 1070 3146 rua
1086 3093 1104 3146 t
1125 3095 1127 3165 l

115 3167 131 3214 3
152 3159 346 3230 conuiuiisque
360 3161 436 3216 edd:
453 3179 492 3216 aa
506 3165 535 3217 et
549 3161 707 3217 conuiuiis?
724 3165 728 3229 Ι
745 3162 852 3217 conniis
866 3163 966 3231 611¹!
986 3169 1003 3216 4
1022 3161 1130 3218 Sullam

114 3231 150 3286 H
163 3233 168 3300 Ι
185 3229 322 3285 stationes
335 3232 355 3286 d
370 3232 374 3298 Ι
391 3237 407 3285 5
422 3232 563 3304 galeatos]
578 3233 762 3288 discalceatos
776 3232 853 3288 Stra.
867 3234 1028 3302 exgaleatos
1044 3233 1129 3292 rom.

114 3300 213 3373 gladio
232 3303 330 3356 stricto
350 3301 418 3358 Oud.
434 3304 707 3373 cou.1a·u.27,131
727 3309 743 3357 8
763 3304 812 3371 qui
831 3303 867 3359 ab
883 3304 929 3374 ΡΙ
947 3310 980 3359 10
997 3304 1129 3374 idemque

115 3373 182 3428 GH
194 3376 199 3442 1
217 3379 249 3427 13
264 3389 378 3428 auersus
392 3374 411 3429 d
429 3373 563 3429 aduersus
576 3375 600 3430 0
604 3375 670 3430 GH
671 3374 715 3445 ΡΙ
734 3379 765 3428 19
785 3375 953 3445 liepararum
965 3376 992 3431 G
1006 3375 1128 3446 lippara·

113 3461 178 3498 rum
198 3444 226 3498 P
240 3447 245 3514 Ι
269 3443 379 3514 ipse-
392 3445 546 3515 repetenda
564 3462 614 3502 om.
629 3445 698 3516 11¹1
720 3461 840 3500 messam
856 3447 882 3502 θ
900 3463 1057 3502 messenum
1071 3447 1106 3504 H
1124 3448 1127 3519 l

115 3521 150 3570 23
170 3517 280 3586 censor]
306 3519 380 3570 coris.
402 3516 448 3586 ΡΙ
473 3521 509 3570 24
526 3517 642 3584 inquam
660 3516 694 3570 H
699 3517 745 3584 ΡΙ
767 3515 905 3572 iniussum
925 3517 1007 3588 θΗΙ
1032 3524 1066 3572 27
1085 3519 1130 3572 tar

115 3587 221 3642 datod
244 3586 358 3662 tardato
378 3587 442 3641 GH
446 3586 474 3640 P

124 3692 726 3855 xlfflffilffl'iffl'

6 3873 10 3999 l
