2642 4046
423 201 584 258 11131111.
614 203 692 261 OAP.
713 209 825 260 10-11.
1094 205 1137 269 83

121 367 254 434 admisit
276 365 487 452 Epidaurios,
510 388 608 452 quam
632 366 761 433 obsides
785 389 804 432 a
827 366 1028 454 principibus
1057 368 1138 434 acci·

8 457 15 492 '²
142 460 219 522 eret.

117 479 139 542 p
185 546 217 611 2.
241 541 299 610 On.
312 543 496 629 Pompeius,
510 566 584 610 cum
601 547 769 630 suspectos
782 543 918 612 haberet
932 543 1136 613 Chaucenses

119 639 154 700 et
175 637 348 714 uereretur,
371 655 411 698 ne
438 633 636 719 praesidium
663 656 731 700 non
756 635 952 720 reciperent,
974 635 1072 720 petiit
1094 635 1135 700 ab

9 717 28 780 {⁷³²
118 723 180 807 eis,
208 726 245 787 ut
267 743 382 808 aegros
407 722 540 788 interim
564 722 650 808 apud
673 745 708 788 se
730 721 819 789 refici
841 726 1043 807 paterentur:
1071 723 1134 788 for·
1155 740 1171 789 5

13 807 29 848 1
117 811 255 876 tissimis
282 810 397 876 deinde
424 811 542 876 habitu
572 811 799 897 languentium
826 812 936 878 missis
968 813 1135 879 ciuitatem

8 900 28 994 ,l
118 900 290 984 occupauit
313 899 547 984 continuitque.

184 990 214 1055 3.
238 987 423 1054 Alexander
442 989 572 1054 deuicta
589 987 837 1072 perdomitaque
860 987 1002 1054 Thracia
1021 991 1135 1072 petens

14 1079 28 1140 1
116 1077 246 1162 Asiam,
282 1077 422 1162 ueritus,
453 1098 494 1141 ne
526 1080 604 1162 post
635 1076 737 1160 ipsius
761 1077 939 1142 discessum
971 1081 1157 1152 sumerent,

8 1167 27 1213 ’Ξῖ
118 1188 222 1248 arma,
253 1185 348 1251 reges
381 1185 494 1230 eorum
524 1164 770 1250 praefectosque
801 1169 835 1230 et
865 1165 983 1250 omnis,
1015 1166 1189 1251 quibus10

8 1262 26 1304 t
117 1252 292 1319 uidebatur
308 1253 415 1319 inesse
435 1275 512 1319 cura
531 1253 696 1319 detractae
717 1253 893 1337 libertatis,
917 1275 1025 1320 secum
1043 1255 1135 1319 uelut

117 1341 252 1407 honoris
272 1363 369 1407 causa
387 1342 502 1426 traxit,
525 1343 687 1428 ignobiles
706 1347 816 1408 autem
834 1343 957 1408 relictis
975 1343 1133 1426 plebeios·

118 1452 181 1516 que
204 1429 374 1516 praefecit,
397 1435 607 1514 consecutus,
629 1431 679 1496 uti
699 1431 861 1516 principes
880 1430 1045 1498 beneficiis
1065 1432 1134 1498 eius

117 1518 269 1585 obstricti
297 1519 379 1584 nihil
407 1541 529 1586 nouare
561 1519 697 1605 uellent,
728 1520 820 1605 plebs
849 1541 928 1586 uero
954 1542 996 1586 ne
1022 1524 1135 1606 posset

8 1619 22 1663 2³
118 1608 260 1694 quidem,
285 1608 427 1692 spoliata
449 1607 660 1694 principibus.
1156 1628 1188 1676 15

8 1709 13 1754 1
182 1697 212 1762 4.
246 1695 434 1782 Antipater,
462 1701 636 1782 conspecto
663 1697 954 1782 Peloponesiorum
982 1698 1134 1783 exercitu,

114 1786 171 1871 qui
195 1786 307 1852 audita
329 1790 435 1852 morte
453 1785 633 1853 Alexandri
656 1786 697 1852 ad
719 1787 940 1853 infestandum
962 1787 1134 1872 imperium

9 1887 17 1926 ἵ
115 1873 185 1940 eius
218 1875 453 1958 confluxerant,
489 1875 698 1941 dissimulans
731 1876 813 1941 scire
846 1897 895 1961 se,
930 1897 995 1961 qua
1026 1879 1135 1941 mente

8 2013 9 2020 1
115 1962 296 2042 uenissent,
321 1963 444 2046 gratias
467 1963 520 2028 his
540 1964 622 2049 egit,
644 1963 731 2048 quod
750 1963 835 2048 <ad>
855 1964 1011 2030 auxilium
1029 1965 1133 2042 feren-

8 2071 10 2090 ³
116 2051 193 2116 dum
214 2049 400 2116 Alexandro
424 2051 579 2118 aduersus
602 2051 876 2118 Lacedaemonios
899 2053 1134 2136 conuenissent,
1153 2071 1189 2120 ao

117 2139 297 2222 adiecitque
319 2139 354 2204 id
377 2160 411 2203 se
435 2141 506 2224 regi
529 2140 737 2224 scripturum3
766 2144 910 2205 aeterum
933 2141 1034 2224 ipsos,
1059 2142 1134 2225 quia

116 2227 182 2292 sibi
205 2249 304 2312 opera
333 2248 445 2292 eorum
472 2227 508 2291 in
535 2228 723 2312 praesentia
744 2250 811 2294 non
834 2232 922 2294 esset
943 2229 1135 2314 necessaria,

117 2315 245 2380 abirent
256 2315 380 2398 domos,
395 2314 547 2381 hortatus
558 2316 667 2400 <est>2
682 2320 715 2381 et
725 2317 786 2382 hac
795 2317 1041 2383 adseueratione
1050 2318 1134 2401 peri·

117 2405 241 2487 culum,
270 2403 356 2489 quod
380 2425 419 2468 ex
440 2405 586 2469 nouitate
615 2426 723 2470 rerum
749 2406 945 2491 inminebat,
972 2406 1134 2472 discussit.

184 2491 214 2558 5.
238 2489 346 2576 Scipio
361 2489 535 2558 Africanus
553 2493 589 2558 in
602 2493 774 2578 Hispania,
792 2514 865 2559 oum
883 2496 969 2561 inter
986 2494 1132 2578 captiuas
1153 2513 1187 2562 aa
1206 2581 1210 2589 .

8 2637 10 2646 ,
116 2581 252 2646 eximiae
281 2580 407 2647 formae
433 2582 529 2669 uirgo
558 2582 723 2666 <nubilis>
753 2583 849 2665 [alias
874 2587 906 2648 et
928 2583 1063 2664 nobilis]
1093 2583 1133 2648 ad

116 2692 189 2736 eum
214 2671 371 2754 perducta
399 2675 486 2736 esset
515 2672 725 2756 omniumque
748 2673 859 2739 oculos
882 2673 918 2738 in
940 2694 975 2737 se
999 2693 1133 2738 conuer-

115 2761 213 2844 teret,
236 2781 364 2826 summa
386 2760 534 2826 custodia
555 2760 705 2826 habitam
730 2783 850 2846 sponso
873 2763 1005 2828 nomine
1026 2762 1133 2828 Alicio

187 2958 202 3006 1
222 2967 303 3007 acm.
321 2950 388 3006 GH
403 2953 470 3007 exd
486 2954 490 3022 Ι
506 2958 522 3006 3
538 2967 686 3008 caucenses
700 2953 719 3008 d
734 2953 897 3008 Catinenses
915 2953 976 3009 cdd.
997 2953 1002 3025 1
1022 2953 1135 3022 4petiit

114 3022 225 3093 dpatit
247 3024 291 3091 (ia
313 3039 369 3078 rae.
386 3038 439 3092 pro
462 3023 498 3078 ab
521 3022 561 3078 eis
580 3023 628 3090 H)
637 3021 758 3079 OGHP
779 3023 784 3098 Ι
814 3025 1025 3078 enumerentur
1046 3025 1105 3078 edd.
1127 3024 1131 3095 Ι

116 3099 147 3148 11
162 3093 313 3148 uidebatur
333 3109 384 3149 orn.
408 3093 453 3148 H¹
468 3094 473 3163 Ι
490 3094 618 3148 decretae
634 3093 668 3147 H
688 3093 692 3165 l
714 3099 747 3148 11
766 3093 941 3164 ignobilisG
958 3093 1133 3162 ignobilibus

116 3164 169 3235 ΡΙ
196 3164 311 3219 relictos
329 3166 347 3218 1
376 3166 381 3234 1
409 3163 508 3234 pbeios
528 3167 638 3234 (ommno
656 3169 723 3234 que)
740 3165 770 3220 P
796 3168 800 3234 Ι
831 3169 865 3218 16
883 3163 1132 3232 Peloponesiorum

115 3233 287 3292 Freinsbeim
305 3236 338 3290 in
354 3236 444 3305 suppl.
463 3234 540 3292 Ourt.
559 3240 617 3304 6,1
640 3236 733 3305 priore
751 3236 894 3291 neciorum
913 3235 979 3291 GH
980 3235 1009 3290 P
1025 3237 1030 3306 Ι
1055 3251 1132 3291 exer-

113 3306 187 3362 citus
208 3305 275 3361 GH
286 3309 291 3376 ι
309 3311 342 3361 18
357 3306 538 3361 conflixerant
551 3307 587 3361 H
598 3305 603 3377 Ι
621 3312 653 3362 11
672 3306 718 3360 his
731 3306 767 3360 Η
781 3305 816 3360 iis
834 3305 894 3361 GP
927 3307 964 3362 ad
981 3309 1071 3378 accppl.
1090 3307 1128 3378 dl

114 3377 230 3432 ferendo
249 3377 300 3445 ΗΙ
318 3382 351 3430 11
371 3375 460 3433 idom.
477 3377 573 3448 11113
593 3383 638 3432 est
654 3378 763 3446 supplet
781 3378 800 3432 d
816 3379 820 3448 Ι
836 3382 871 3431 16
891 3378 960 3432 aias
980 3380 1010 3434 et
1026 3378 1131 3434 nobilis

113 3446 236 3514 (nobiles
253 3447 291 3518 G)
312 3448 378 3502 GH
381 3449 420 3517 P,
442 3450 540 3519 quibes
558 3449 651 3504 deletis
672 3447 777 3503 nubilis
796 3449 859 3504 add.
881 3448 951 3504 Oad.
970 3449 1000 3503 et
1018 3449 1132 3516 nubilis,

113 3518 376 3588 antonianum:
394 3519 602 3646 11111111ίὲ13
621 3523 626 3590 Ι
642 3518 770 3589 captiuas
785 3519 856 3574 alias
875 3519 993 3576 eximiae
1011 3519 1030 3576 f.
1049 3521 1133 3589 uirgo

114 3592 144 3646 et
162 3588 266 3646 nobilis
284 3591 343 3646 edd.
360 3591 366 3660 Ι
381 3595 415 3646 18
431 3590 513 3646 alicio
571 3590 717 3646 aliciorum
728 3590 794 3646 GH
800 3590 944 3646 Allucceio
959 3591 1025 3646 Liu.
1036 3595 1086 3660 26,
1096 3595 1133 3645 50

932 3678 970 3734 6*
