2642 4046
467 219 576 275 LIBER
593 219 641 274 III.
670 217 746 275 cAP.
768 226 791 275 1.
1092 217 1135 282 89

229 384 286 451 VI
309 383 358 449 De
381 383 584 450 districtione
606 382 844 467 praesidiorum
867 380 1045 447 hostilium.

213 473 287 540 VII.
309 471 740 540 Defluminumderiuatione
748 474 781 537 et
788 471 961 537 uitiatione
969 491 1136 556 aquarum.

198 561 289 628 VIII.
311 561 361 628 De
383 561 543 628 iniciendo
568 560 710 627 obsessis
732 582 863 644 pauore.

178 649 287 718 VIIII.
309 650 359 717 De
385 650 572 736 inruptione
599 671 639 716 ex
666 649 795 716 diuersa
821 653 930 735 parte,
958 669 1055 734 quam
1084 669 1134 712 ex·

334 739 562 825 spectabimus.
1155 754 1171 802 c

246 827 285 895 X.
308 828 358 895 De
380 828 520 911 insidiis,
543 849 602 913 per
626 849 706 912 quas
729 827 901 892 eliciantur
924 826 1058 892 obsessi.

227 917 285 985 Xl.
307 917 357 983 De
381 916 588 983 simulatione
610 936 786 1001 regressus.

118 1005 172 1075 Ex
195 1008 360 1074 contrario
384 1005 469 1072 circa
491 1005 630 1071 tutelam
652 1004 871 1069 obsessorum:

211 1094 286 1162 XII.
309 1094 359 1160 De
382 1093 554 1159 excitanda
577 1113 654 1158 cura
677 1113 818 1158 suorum.

164 1197 165 1202 ’
197 1182 288 1249 ΧΙΠ.
311 1175 362 1249 De
384 1181 561 1246 emittendo
585 1183 619 1247 ct
640 1179 826 1264 recipiendo
849 1179 973 1245 nuntio.
1157 1198 1191 1249 10

181 1269 289 1337 XIIII.
311 1270 361 1336 De
393 1269 634 1336 introducendis
672 1269 802 1335 auxiliis
837 1273 871 1335 et
903 1266 1137 1334 commeatibus

337 1358 558 1445 suggerendis.

215 1445 287 1513 XV.
312 1446 588 1526 Quemadmodum
612 1445 786 1532 efficiatur,
809 1451 847 1514 ut
865 1447 1030 1513 abundare
1048 1444 1137 1512 uide·

337 1539 446 1621 antur,
469 1557 552 1621 quae
576 1536 719 1604 deerunt.

199 1622 286 1692 XVI.
310 1623 383 1702 Qua
399 1625 527 1690 ratione
544 1625 767 1710 proditoribus
782 1629 815 1690 et
828 1624 1009 1710 transfugis
1029 1645 1136 1690 occur·
1157 1640 1192 1692 15

335 1716 434 1780 ratur.

183 1800 288 1868 XVII.
310 1801 360 1867 De
383 1802 618 1886 eruptionibus.

165 1889 287 1956 XVIII.
310 1888 359 1956 De
382 1891 567 1956 constantia
591 1891 807 1955 obsessorum.

380 2063 401 2119 l.
430 2063 479 2118 DE
497 2061 709 2119 REPENTINO
729 2060 876 2117 IMPE'I'U.

192 2173 220 2236 1.
248 2170 284 2236 T.
304 2169 455 2249 Quintius
475 2171 597 2256 consul,
611 2171 707 2237 uictis
727 2172 795 2237 acie
808 2171 932 2256 Aequis
951 2173 985 2236 et
998 2169 1138 2256 Volscis,
1157 2189 1193 2239 au

123 2281 197 2324 cum
216 2259 352 2326 Antium
372 2259 527 2344 oppidum
546 2280 732 2346 expugnare
751 2261 929 2343 statuisset,
952 2259 993 2324 ad
1016 2258 1139 2325 contio·

123 2369 200 2412 nem
227 2351 344 2414 uocato
373 2349 517 2414 exercitu
544 2349 707 2432 exposuit,
735 2370 832 2433 quam
860 2349 894 2413 id
920 2347 1139 2414 necessarium

125 2439 158 2502 et
180 2436 274 2502 facilc
293 2441 388 2521 esset,
411 2437 439 2502 si
456 2458 523 2502 non
541 2437 738 2503 differretur:
762 2459 863 2523 eoque
886 2438 1020 2522 impetu,
1044 2459 1139 2523 quem

124 2524 309 2592 exhortatio
333 2525 562 2609 concitauerat,
588 2525 761 2612 adgressus
784 2530 835 2592 est
857 2526 980 2593 urbem.

191 2615 222 2682 2.
241 2614 301 2681 M.
334 2613 419 2682 Octo
450 2615 484 2680 in
517 2614 678 2698 Hispania
710 2615 941 2682 animaduertit
972 2614 1072 2700 potiri
1105 2637 1138 2680 se
1158 2632 1194 2683 aa

122 2703 262 2787 quodam
277 2703 396 2789 oppido
411 2725 517 2788 posse,
540 2705 569 2769 si
586 2704 774 2789 inopinatos
792 2705 968 2770 inuaderet.
1014 2703 1140 2788 quadri·

124 2791 181 2858 dui
198 2792 307 2878 itaqua
335 2794 398 2858 iter
423 2793 522 2859 biduo
541 2814 599 2878 per
617 2793 813 2879 confragosa
837 2798 871 2859 st
889 2795 1017 2859 deserta
1035 2814 1139 2857 amen·

124 2901 189 2964 sus,
208 2880 292 2945 nihil
315 2881 383 2946 tale
405 2886 586 2948 metuentes
610 2882 772 2966 oppressit
794 2883 916 2947 hostes.
961 2880 1139 2946 uictoribus

125 2968 241 3034 deinde
265 2969 331 3035 suis
356 2990 487 3036 causam
514 2975 583 3036 tam
605 2970 713 3034 facilis
742 2973 877 3036 euentus
899 2966 1139 3054 requirentibus

198 3160 422 3218 ldestrnctione
442 3161 472 3216 P
493 3163 499 3233 Ι
523 3159 647 3216 hostium
666 3161 698 3216 cl:
717 3160 752 3228 cf.
767 3177 798 3229 p.
817 3163 903 3227 96,9
933 3161 937 3227 Ι
967 3157 1141 3214 2uitatione

124 3231 161 3288 Η
164 3233 210 3301 Ρ,
228 3249 297 3290 corr.
316 3234 336 3288 d
356 3232 360 3305 l
387 3238 405 3286 4
424 3235 619 3303 exspectamur
639 3230 719 3288 H¹P
735 3229 958 3300 exspectabimus
975 3230 1006 3299 b,
1033 3231 1141 3287 mrrcca‘

124 3304 351 3431 scaeua
367 3301 1122 3442 a{susurrataaleuas-...itta

686 3415 696 3443 ,
777 3414 783 3428 .

126 3452 160 3501 14
179 3462 251 3572 (lide
251 3446 335 3571 ἓξὲξ
348 3444 387 3571 ἔ
389 3518 394 3586 1
410 3521 444 3570 23
459 3517 503 3571 est
516 3516 594 3571 atH
605 3517 610 3585 l
626 3522 661 3570 24
674 3515 860 3572 concitauerit
875 3513 901 3569 G
917 3514 921 3586 l
938 3516 981 3570 est
994 3530 1045 3570 orn.
1056 3513 1122 3568 6²11
1135 3513 1139 3584 l

124 3592 160 3642 25
171 3587 282 3643 Marcus
295 3587 321 3642 G
332 3587 336 3660 1
347 3593 382 3643 26
396 3590 493 3657 posset
502 3585 568 3641 GH
575 3587 579 3659 l
589 3587 781 3658 inopinatusd
792 3586 796 3659 l
807 3585 916 3655 quadro
925 3586 996 3641 6111
1006 3584 1142 3654 quadrfils
