2616 4048
432 212 543 268 LIBER
561 215 582 268 I.
612 211 688 268 CAP.
710 219 789 268 1-2.
1098 214 1118 278 9

105 376 214 440 studio
233 377 268 440 in
287 375 464 446 amicitiam
483 376 550 440 eius
569 377 752 459 peruenire:
776 395 840 462 qua
857 376 886 440 is
905 376 1028 460 potitus
1048 398 1120 442 oon·

105 465 181 529 silia
203 464 272 528 eius
295 469 373 530 nota
396 464 522 530 ciuibus
546 465 613 530 suis
637 465 786 530 faciebat.

171 553 202 616 4.
225 552 314 618 Idem
334 551 622 637 Carthaginienses
641 554 808 638 miserunt,
829 553 886 637 qui
904 575 961 638 per
980 554 1119 637 speciem

104 642 288 726 legatorum
315 642 415 727 longo
442 646 588 726 tempore
615 641 738 708 Romae
765 645 969 708 morarentur
995 643 1120 727 excipe·

104 733 239 814 rentque
263 730 400 796 consilia
421 734 618 796 nostrorum.
1138 746 1154 793 o

148 819 178 884 5.
204 818 247 885 M.
272 817 354 885 Cato
377 821 412 884 in
435 818 610 904 Hispania,
640 821 716 903 quia
744 820 783 884 ad
812 819 957 885 hostium
981 820 1119 888 consilia

103 908 169 972 alia
187 907 242 973 uia
260 909 430 992 peruenire
443 930 510 974 non
529 912 691 994 potuerat,
709 907 805 974 iussit
817 912 981 974 trecentos
996 909 1117 973 milites

103 996 201 1062 simul
219 997 377 1080 impetum
395 997 501 1062 faeere
519 997 554 1061 in
571 997 749 1062 stationem
767 997 912 1061 hostium
925 1001 1118 1081 raptumque
1212 1037 1215 1043 ·

102 1107 203 1149 unum
223 1107 261 1150 ex
279 1085 332 1149 his
351 1086 386 1149 in
404 1088 513 1150 castra
536 1086 679 1169 perferre
702 1086 910 1150 incolumem:
934 1089 1042 1149 tortus
1064 1086 1118 1150 ille

102 1173 214 1244 omnia
238 1194 371 1236 suorum
395 1193 512 1237 areana
536 1173 703 1237 confessus
727 1177 786 1237 est.
1139 1188 1171 1237 10

173 1261 203 1325 6.
231 1258 265 1324 O.
288 1259 413 1324 Marius
442 1261 556 1324 consul
585 1260 671 1324 bello
695 1259 857 1326 Cimbrico
886 1264 920 1325 et
942 1260 1118 1326 Teutonico

105 1349 147 1413 ad
166 1347 389 1412 excutiendam
405 1347 572 1412 Gallorum
587 1353 620 1412 et
633 1347 789 1434 Ligurum
807 1349 905 1414 fidem
923 1349 1052 1415 litteras
1071 1350 1118 1416 eis

104 1436 209 1518 misit,
238 1458 372 1520 quarum
397 1458 473 1520 pars
496 1437 585 1521 prior
612 1437 848 1523 praecipiebat,
874 1460 916 1502 ne
939 1438 1119 1522 interiores,

103 1546 187 1608 quae
205 1525 435 1609 praesignatae
454 1529 557 1608 erant,
576 1531 650 1591 ante
670 1532 793 1592 certum
810 1529 940 1610 tempus
955 1527 1119 1610 aperiren-

101 1618 170 1678 tur:
193 1613 322 1678 easdem
344 1618 459 1698 postea
480 1617 555 1679 ante
572 1617 804 1698 praestitutum
822 1616 907 1680 diem
925 1616 1058 1699 repetiit
1076 1619 1117 1699 et,
1138 1629 1170 1678 15

101 1703 178 1786 quia
205 1703 391 1786 resignatas
417 1707 620 1788 reppererat,
647 1705 808 1770 intellexit
830 1703 964 1770 hostilia
988 1704 1116 1789 agitari.

170 1790 246 1872 [Est
278 1795 311 1856 et
343 1792 430 1856 aliud
462 1793 653 1876 explorandi
686 1813 803 1877 genus,
836 1813 900 1876 quo
929 1793 993 1876 ipsi
1022 1793 1117 1859 duces

99 1880 193 1944 nullo
216 1880 415 1946 extrinsecus
438 1881 598 1946 adiutorio
622 1903 681 1965 per
706 1903 738 1946 sa
762 1881 950 1966 prouident,
974 1881 1070 1962 sicut]

171 1969 199 2033 l.
223 1969 380 2033 Aemilius
399 1969 520 2034 Paulus
540 1968 664 2052 consul,
686 1970 774 2034 bello
793 1969 933 2034 Etrusco
957 1969 1043 2054 apud
1063 1991 1117 2053 op·

99 2056 214 2140 pidum
229 2055 441 2122 Vetuloniam
462 2057 661 2122 demissurus
681 2059 857 2122 exereitum
880 2058 916 2122 in
938 2057 1117 2142 planitiem,
1137 2072 1171 2120 ac

101 2144 341 2227 contemplatus
382 2147 495 2227 procul
536 2145 646 2209 auium
687 2146 927 2210 multitudinem
967 2147 1117 2210 citatiore

101 2233 218 2297 uolatu
245 2251 284 2294 ex
312 2232 397 2295 silua
424 2233 676 2314 consurrexisse,
708 2233 869 2297 intellexit
897 2233 1022 2318 aliquid
1049 2233 1118 2297 illic

26 2387 30 2398 ,
102 2318 295 2382 insidiarum
327 2319 444 2397 latere,
477 2319 562 2404 quod
595 2322 628 2383 et
659 2320 810 2385 turbatae
840 2341 918 2384 aues
949 2324 982 2384 et
1009 2321 1117 2404 plures

103 2407 203 2472 simul
234 2406 452 2471 euolanerant.
497 2409 685 2492 praemissis
717 2408 819 2493 igitur
856 2408 1117 2492 exploratoribus

101 2495 275 2579 comperit,
298 2494 409 2560 decem
432 2496 523 2582 milia
541 2496 699 2562 Boiorum
721 2497 909 2581 excipiendo
932 2498 979 2562 ibi
999 2497 1116 2563 Roma·
1136 2513 1169 2562 25

99 2605 218 2649 norum
242 2583 366 2668 agmini
388 2585 559 2668 inminere,
582 2606 684 2669 eaque
708 2585 773 2650 alio
792 2607 890 2670 quam
909 2587 1116 2670 exspectaba-

99 2675 155 2736 tur
178 2673 280 2736 latere
304 2672 414 2738 missis
437 2674 619 2759 legionibus
643 2674 858 2741 circumfudit.

110 2841 113 2850 ,
169 2761 199 2826 8.
221 2759 380 2826 Similiter
398 2761 590 2828 Tisamenus
610 2761 734 2828 Orestis
756 2763 858 2847 filius,
881 2785 954 2829 oum
973 2765 1117 2829 audisset

172 2941 189 2989 3
212 2937 363 3018 exemptum
381 2941 534 3019 suspectum
551 2937 632 3020 tutet
654 2936 846 3020 Wactsmutt;
869 2938 904 3004 cf.
918 2939 1011 3019 praef.
1030 2937 1051 3008 §
1069 2943 1087 2993 9

100 3005 328 3128 mam
343 3006 425 3074 ΗΝ
442 3013 457 3062 ⁹
475 3007 635 3145 aa
647 3008 1033 3150 carrucar-

99 3077 263 3217 ddpdiatligd
275 3093 476 3232 [ldpiirgpdyddc
490 3149 509 3203 d
525 3152 529 3215 Ι
547 3154 580 3233 lt
598 3097 797 3233 pdestitutad
812 3150 857 3220 ΡΙ
874 3154 908 3202 16
927 3096 1096 3218 signaaiff
1108 3153 1112 3224 Ι

98 3217 454 3370 {racematur
461 3219 719 3361 ,retrudas
736 3218 1117 3348 exarmatae:

97 3362 207 3415 lonram
221 3360 256 3413 H
275 3359 415 3414 colomam
430 3360 459 3414 P
479 3359 632 3415 Telamona
649 3360 733 3415 Gran.
753 3362 812 3416 coll.
833 3360 894 3416 Pol.
913 3365 942 3427 2,
954 3365 994 3416 27
1021 3361 1115 3432 Popu-

97 3430 206 3486 loniam
222 3430 293 3484 Oud.
313 3428 462 3485 Cortonam
478 3429 622 3486 Olennius
640 3432 699 3485 coll.
716 3431 777 3486 Pol.
791 3437 819 3500 3,
833 3437 873 3487 82
890 3435 895 3498 Ι
917 3431 1023 3486 dimiss.
1037 3433 1090 3486 tP

98 3508 133 3558 25
154 3506 189 3556 ,ἰ
207 3499 288 3554 milia
307 3501 335 3554 P
353 3505 358 3568 Ι
382 3501 423 3556 ibi
441 3518 492 3558 om.
506 3501 550 3556 Ηι
574 3505 579 3570 Ι
604 3507 639 3556 26
658 3501 754 3571 agmin
767 3503 813 3556 Ηι
837 3504 842 3573 Ι
867 3508 901 3558 28
919 3501 1070 3557 tiamemns

97 3574 241 3629 tiamenus
262 3572 297 3639 P,
316 3573 422 3628 carad
