2616 4048
166 201 209 268 28
372 200 448 257 IULI
464 199 644 256 ERONTINI
666 199 986 256 STRATEGEMATON

167 387 255 431 eesse
278 365 341 430 fuit
364 369 461 450 capta
479 364 616 430 castella
635 363 798 449 praesidio
817 363 979 430 obtinere:
1002 385 1084 448 quos
1102 363 1184 429 Dio·
1298 391 1299 402 ,

165 455 292 537 nysius,
314 454 464 520 redactos
488 454 528 518 ad
552 475 650 538 quam
674 454 822 520 voluerat
844 452 1057 536 paucitatem,
1081 473 1185 537 paene

165 544 232 608 iam
250 565 310 627 par
327 563 462 608 numero
483 542 659 627 adgressus
675 543 764 620 uieit,
783 564 855 608 oum
875 563 950 607 suos
967 542 1186 608 contraxisset

167 634 200 696 et
223 632 427 696 aduersarios
451 631 635 716 sparsisset.

131 734 147 783 s
235 721 285 785 12.
310 719 486 804 Agesilaus
505 719 795 802 Lacedaemonius,
814 741 888 784 oum
906 718 1042 785 inferret
1060 718 1185 784 bellum
1298 761 1299 766 κ

166 807 414 893 Tissaphernae,
433 807 563 874 Cariam
582 830 617 874 se
635 812 746 892 petere
765 809 940 888 simulauit,
959 808 1053 893 quasi
1073 807 1184 892 aptius

166 896 247 964 loeis
261 898 444 964 montuosis
459 898 614 963 aduersus
634 897 762 962 hostem
776 898 922 980 equitatu
941 897 1185 981 praeualentem

166 991 379 1071 pugnaturus.
425 987 590 1069 perhanc
614 985 744 1051 consilii
767 985 1022 1052 ostentationem
1046 991 1185 1051 auocato

165 1075 200 1140 in
215 1073 345 1142 Cariam
360 1074 587 1159 Tissapherne,
606 1075 676 1160 ipse
690 1072 839 1159 Lydiam,
857 1075 913 1140 ubi
927 1079 1026 1159 eaput
1038 1073 1184 1139 hostium

114 1179 147 1229 10
166 1164 260 1250 regni
279 1168 359 1247 erat,
381 1164 507 1247 inrupit
529 1163 769 1248 oppressisque,
791 1163 847 1247 qui
869 1163 938 1228 illio
956 1164 1107 1249 agebant,
1128 1182 1184 1247 pe-

167 1254 262 1319 cunia
285 1253 377 1338 regia
398 1254 524 1337 potitus
548 1256 607 1318 est.

245 1459 334 1519 VIIII.
363 1459 412 1514 DE
432 1459 625 1516 SEDITIONE
643 1459 802 1514 MlLlTUM
821 1459 1098 1517 COMPESCENDA.

235 1606 263 1669 1.
296 1604 401 1670 Aulus
429 1604 571 1670 Manlius
599 1606 727 1688 oonsul,
760 1627 833 1671 oum
866 1606 1079 1691 comperisset
1110 1627 1187 1670 oon·

166 1693 290 1758 iurasse
322 1694 442 1758 milites
474 1694 509 1757 in
542 1694 687 1760 hibernis
716 1692 928 1781 Campaniae,
962 1698 999 1760 ut
1029 1695 1185 1777 iugulatis
1298 1719 1299 1740 1

115 1796 147 1847 15
165 1780 352 1867 hospitibus
370 1782 436 1867 ipsi
454 1804 506 1848 res
524 1783 715 1848 inuaderent
733 1804 853 1869 eorum,
873 1805 1036 1849 rumorem
1055 1782 1186 1868 sparsit,

167 1870 279 1936 eodem
303 1871 375 1936 loeo
399 1871 641 1938 hibernaturos:
669 1876 768 1956 atque
795 1873 844 1938 ita
868 1872 1015 1957 <dilato>
1038 1873 1186 1938 coniura-

165 1963 275 2024 torum
304 1960 440 2026 oonsilio
472 1959 686 2044 Campaniam
717 1961 861 2045 periculo
894 1961 1047 2027 liberauit
1079 1965 1112 2026 et
1146 1982 1185 2027 ex
1296 2023 1297 2028 ,

167 2048 333 2113 occasions
357 2053 511 2114 nocentes
533 2050 650 2134 puniit.

234 2137 263 2201 2.
286 2136 321 2203 L.
342 2135 447 2222 Sulla,
471 2160 544 2203 oum
567 2138 712 2223 legiones
732 2139 851 2204 ciuium
869 2138 1091 2204 Romanorum
1114 2158 1186 2221 per-

113 2240 147 2291 20
165 2226 290 2292 nisiosa
315 2226 472 2292 seditione
494 2225 653 2311 furerent,
681 2227 817 2292 oonsilio
840 2227 987 2293 restituit
1010 2227 1185 2292 sanitatem

167 2315 319 2383 efferatis.
363 2337 500 2401 propere
524 2315 610 2380 enim
634 2315 822 2381 adnuntiari
845 2317 955 2399 iussit,
977 2315 1106 2380 hostem
1131 2314 1186 2379 ad·

167 2425 250 2488 esse,
282 2409 316 2469 st
344 2404 384 2469 ad
412 2426 504 2469 arma
533 2405 720 2470 uocantium
759 2406 934 2471 clamorem
966 2404 1054 2488 tolli,
1091 2403 1186 2488 signa

167 2513 293 2558 canere:
317 2493 464 2558 discussa
486 2492 601 2558 seditio
626 2496 676 2557 est
694 2493 856 2558 uniuersis
875 2492 1030 2559 aduersus
1054 2493 1186 2558 hostem

166 2581 453 2646 consentientibus.

113 2684 147 2733 25
234 2669 263 2732 3.
295 2666 351 2735 Cn.
374 2668 563 2752 Pompeius,
587 2667 750 2734 trucidato
775 2669 815 2734 ab
840 2671 983 2736 exercitu
1006 2669 1186 2735 Mediolani

241 2865 256 2913 1
276 2859 403 2914 obtinere
421 2860 571 2916 Heinsius:
589 2860 624 2927 ef.
643 2865 671 2928 3,
685 2865 712 2928 3,
726 2865 750 2917 1.
771 2866 829 2929 6‚1
852 2861 894 2917 ibi
911 2863 1006 2916 teuere
1025 2861 1060 2915 H
1063 2861 1092 2916 P
1113 2860 1186 2916 mili·

168 2933 229 2986 tum
249 2933 383 2987 tenered
407 2930 411 3002 l
437 2937 453 2985 3
471 2947 523 3000 par
540 2948 591 2988 oin.
606 2932 651 2987 H¹
676 2932 681 3004 Ι
711 2931 965 2988 tlaoaedemoniis
983 2933 1019 2987 H
1038 2935 1042 3002 Ι
1067 2939 1083 2988 6
1101 2932 1187 2987 tissa-

168 3003 275 3071 pherne
293 3003 329 3056 H
344 3001 527 3071 Tissapherni
545 3005 604 3061 edd.
622 3007 626 3072 Ι
648 3002 750 3059 cariam
770 3019 820 3060 om.
840 3004 905 3072 H²l
928 3019 958 3058 se
976 3004 1086 3075 petere]
1104 3019 1187 3072 repe·

167 3076 226 3156 tere
241 3074 277 3156 H
289 3074 293 3144 Ι
311 3080 325 3129 t
341 3073 497 3156 equitatum
511 3074 546 3128 H
559 3077 563 3145 l
580 3082 595 3131 9
609 3073 776 3158 Lydiam—
791 3077 877 3177 paput
894 3090 944 3131 om.
955 3075 990 3130 H
1002 3077 1007 3144 Ι
1024 3081 1058 3130 10
1073 3090 1187 3145 oppres-

168 3147 204 3200 Βῆ
223 3146 672 3297 quqiffmpffiesqudeornrfflppsspii
685 3146 818 3287 alelllaffcr.
833 3216 877 3297 H)
895 3215 955 3271 GH
976 3215 1090 3270 mallius
1105 3216 1134 3272 P
1156 3200 1187 3274 C,

166 3285 286 3341 Marcius
304 3285 383 3342 Stew.
402 3303 435 3342 ex
453 3286 520 3344 Lis.
540 3292 566 3354 7,
581 3292 662 3356 38,8
690 3291 694 3357 1
725 3289 928 3356 sompernsent
946 3287 982 3341 H
1001 3292 1065 3344 aute
1083 3303 1152 3342 corr.
1180 3288 1185 3360 l

168 3362 201 3413 lt
222 3357 332 3426 spargit
343 3357 389 3424 ΡΙ
408 3363 440 3412 16
460 3357 559 3414 eodem
577 3357 644 3413 dein
654 3357 725 3414 Oai.
746 3359 844 3413 eodem
863 3358 1064 3414 denuoHartel
1081 3355 1187 3414 iterum

169 3427 269 3484 eodem
290 3427 321 3482 0.
336 3428 498 3494 Hirschfeld
514 3433 517 3488 l
533 3427 624 3485 dilato
642 3430 772 3498 suppleas·
789 3430 848 3484 coil.
862 3429 928 3484 Liu.
944 3435 971 3497 7,
981 3433 1057 3498 38,9
1075 3431 1187 3484 eontur·
1298 3481 1299 3484 ,

167 3498 237 3554 bato
257 3499 323 3554 add.
338 3499 439 3554 Hertet
462 3500 577 3554 turbato
592 3505 656 3570 posi
674 3499 791 3557 oonsilio
810 3501 1037 3571 supplantent!
1060 3506 1093 3555 19
1113 3498 1189 3570 sylla
1298 3581 1299 3592 ἵ

167 3570 202 3625 H
208 3569 255 3639 ΡΙ
278 3575 311 3624 22
331 3571 463 3625 uocatum
479 3570 514 3624 H
529 3576 593 3625 auis
611 3587 679 3626 corr.
701 3572 706 3640 l
729 3576 763 3626 tt
781 3573 894 3628 trudato
908 3571 943 3625 H
945 3571 953 3602 ¹
