2642 4046
179 223 244 288 120
382 220 458 277 IULI
476 219 655 277 FRONTINI
674 217 1000 276 STRATEGEMATON

178 390 245 451 tres
268 385 432 464 cohortes,
461 407 543 469 quae
571 384 611 450 ed
639 382 811 449 castellum
835 382 934 448 Initia
956 382 1105 448 hostibus
1129 404 1199 446 ces-

180 478 308 558 serant,
341 477 433 539 extre
460 473 583 537 uallum
616 473 713 537 iussit
743 471 896 556 tendere,
928 472 1028 536 donec
1060 471 1199 536 adsiduo

179 564 291 628 labore
329 567 361 627 et
397 563 561 646 prosperis
598 560 841 626 excursionibus
878 560 1073 627 redimerent
1093 560 1198 646 igno·
1305 579 1306 622 ἕ

145 673 324 806 bmmgm.
334 738 487 804 Aurelius
515 736 611 804 Cotta
639 739 765 819 consul,
798 760 870 802 cum
894 737 935 802 od
966 759 1047 822 opus
1072 739 1199 821 equites

179 829 375 894 necessitate
404 831 540 913 cogente
567 827 717 892 iussisset
747 827 898 892 accedere
921 848 1097 910 eorumque
1120 847 1200 908 pers
1305 865 1306 870 κ

181 918 396 982 detractasset
419 917 607 1000 imperium,
635 918 768 999 questus
798 915 883 999 apud
907 937 1058 982 censores
1082 914 1201 994 effecit,

180 1010 218 1072 ut
235 1009 441 1088 notarentur3
465 1004 652 1088 upetribus
670 1003 785 1069 deinde
805 1005 956 1089 obtinuit,
979 1026 1019 1068 ne
1039 1005 1085 1068 eis
1108 1023 1200 1086 prue-

182 1096 281 1160 teritu
296 1117 372 1160 aere
386 1094 607 1178 procederent3
629 1092 754 1157 tribuni
769 1114 896 1177 quoque
914 1093 1018 1177 plebis
1033 1093 1072 1156 de
1087 1092 1201 1157 eedem

130 1201 162 1250 10
181 1204 215 1249 re
240 1185 281 1249 ed
304 1183 459 1267 populum
484 1181 689 1266 pertulerunt
715 1183 923 1266 omniumque
951 1203 1109 1246 consensu
1133 1185 1201 1245 stu·

183 1273 278 1338 bilitu
301 1272 472 1355 discipline
496 1276 552 1336 est.

249 1362 302 1428 23.
332 1361 368 1436 Q.
392 1359 542 1425 Metellus
565 1357 793 1444 Macedonicus
816 1360 851 1424 in
873 1357 1035 1442 Hispania
1059 1358 1202 1442 quinque
1305 1423 1306 1430 Ι

183 1449 341 1531 cohortes,
365 1470 445 1532 quee
469 1447 619 1514 hostibus
643 1450 815 1532 cesserant,
838 1451 1070 1512 testamentum
1092 1447 1202 1512 fecere

182 1539 288 1602 iussas
312 1538 352 1602 ad
380 1538 486 1602 locum
519 1536 764 1619 reciperandum
796 1538 938 1620 remisit,
966 1538 1109 1600 minutus
1131 1557 1202 1601 non

130 1641 164 1692 15
182 1627 245 1690 nisi
268 1630 345 1710 post
367 1625 537 1689 uictoriam
561 1629 728 1709 receptum
749 1625 799 1690 iri.

251 1715 303 1780 24.
335 1713 370 1780 Ρ.
392 1713 525 1779 Valerio
555 1714 680 1778 consuli
709 1716 840 1779 senatus
868 1713 1047 1798 praecepit,
1080 1715 1203 1778 exerci-

183 1807 253 1870 tum
278 1803 318 1867 ad
342 1800 439 1868 Sirim
462 1803 585 1868 uictum
616 1803 731 1868 ducere
755 1801 931 1887 Saepinum
959 1802 1068 1886 ibique
1092 1807 1204 1868 cestre

184 1891 311 1957 munire
335 1896 368 1956 et
389 1891 529 1956 hiemem
553 1893 613 1957 sub
636 1891 786 1957 tentoriis
810 1891 947 1976 exigere.

251 1982 328 2046 24s.
366 1979 521 2064 Senatus,
558 2002 630 2045 cum
667 1980 806 2064 turpiter
837 1979 944 2064 fugati
975 1979 1043 2043 eius
1078 1978 1204 2043 milites

131 2085 165 2134 2ο
185 2075 306 2152 essent,
333 2069 491 2152 decreuit,
522 2090 563 2134 ne
592 2069 712 2135 auxilie
736 2068 782 2133 eis
811 2069 1105 2152 summitterentur‚
1136 2068 1205 2132 nisi

184 2159 288 2242 ceptis
312 2159 381 2223 eius
404 2155 489 2198 *²¹¹*

251 2247 303 2312 25.
332 2247 538 2330 Legionibns,
561 2269 644 2330 quse
658 2245 781 2312 Punico
800 2247 886 2310 bello
905 2246 1057 2310 militiam
1076 2245 1205 2309 detrec-

185 2341 346 2419 teuerunt,
369 2337 404 2400 in
419 2334 561 2402 Siciliam
581 2335 672 2399 uelut
690 2336 843 2420 relegetis
866 2357 927 2419 per
949 2339 1074 2420 septem
1098 2355 1204 2398 annos

185 2424 342 2490 hordeum
367 2447 405 2489 ex
429 2429 561 2490 senatus
585 2424 733 2489 consulto
756 2423 868 2489 dotum
893 2427 951 2488 est

134 2527 166 2576 sc
254 2514 305 2578 26.
339 2513 373 2578 L.
396 2513 473 2578 Piso
497 2511 532 2579 (l.
556 2513 680 2577 Titium
702 2513 902 2597 praefectum
925 2511 1085 2595 cohortis,
1116 2509 1205 2594 quod

242 2677 256 2723 1
276 2668 358 2724 initis
371 2670 436 2725 GH
450 2669 532 2723 initio
543 2671 571 2723 P
586 2686 648 2723 oum
668 2669 769 2723 Paccio
787 2668 856 2724 Oud.
874 2669 932 2723 coll.
950 2667 1013 2724 Tac.
1028 2684 1094 2724 aun.
1110 2672 1156 2734 13,
1167 2671 1206 2722 36

186 2741 217 2794 in
231 2741 290 2795 scie
305 2741 448 2795 Herelius:
466 2741 513 2795 sed
526 2757 623 2794 nomeu
637 2741 741 2794 castelli
759 2742 850 2806 latere,
869 2741 894 2793 si
908 2740 987 2793 modo
1000 2755 1056 2793 uox
1071 2743 1204 2808 corrupto

187 2817 234 2878 est,
246 2817 347 2866 certum
360 2813 472 2866 uiderer
488 2811 493 2881 Ι
509 2817 524 2865 b
538 2810 570 2865 A.
583 2809 705 2866 nurelins
717 2811 751 2865 H
757 2811 766 2843 ¹
782 2811 786 2883 Ι
803 2816 818 2864 7
830 2811 1013 2865 detrectasset
1026 2810 1078 2864 er
1090 2811 1094 2878 Ι
1112 2815 1146 2862 14
1160 2825 1204 2863 re-

187 2881 376 2952 cuperandum
395 2882 464 2949 tPl
482 2888 515 2936 16
533 2882 641 2936 ueleric
656 2883 714 2950 (ced
732 2901 751 2938 u
768 2883 967 2950 recommota)
983 2880 1033 2947 ΗΙ
1052 2886 1085 2935 17
1105 2879 1205 2950 Scopi-

186 2971 254 3008 num
268 2955 369 3022 seipsi
380 2955 502 3008 serinum
514 2953 574 3008 GH
577 2954 605 3006 P
617 2953 758 3008 firmumd
769 2953 800 3007 in
810 2953 954 3008 Somnium
964 2952 1091 3006 Niebuhr
1097 2951 1204 3016 (Rocm.

191 3025 282 3081 Gcscb.
302 3028 329 3091 3,
349 3029 416 3092 584)
437 3025 474 3078 ed
493 3023 674 3079 Ferentinum
691 3025 774 3092 idem,
796 3025 843 3078 cui
861 3024 1057 3078 adsentiuntur
1075 3022 1205 3093 Droyscu

187 3097 295 3163 (Gcscle.
305 3098 351 3162 oles
360 3097 435 3151 Hell.
446 3098 467 3150 Ι
469 3097 488 3148 Ι
488 3097 509 3148 Ι
522 3095 559 3160 1²,
570 3099 637 3163 148)
653 3101 678 3150 et
690 3095 867 3151 Wuchsmutb
882 3094 913 3148 in
924 3093 1051 3149 Setinum
1061 3093 1187 3148 &electius
1197 3091 1201 3163 Ι

188 3165 292 3235 ubique
308 3167 341 3220 Η
354 3172 358 3234 Ι
377 3173 409 3220 18
429 3168 541 3222 hiemen
555 3166 581 3221 G
597 3167 601 3235 Ι
620 3173 652 3221 19
670 3167 720 3222 boc
733 3167 885 3234 exemplum
900 3166 994 3221 misere
1013 3170 1172 3232 cornetum
1186 3181 1206 3219 u

184 3240 322 3307 proximis
340 3255 397 3292 noc
415 3239 592 3308 disttuyuumt
610 3239 714 3292 codices
733 3239 737 3307 Ι
758 3237 830 3307 eius]
855 3235 980 3291 eiusdem
1004 3241 1157 3304 conpoctas,
1180 3235 1206 3290 ci

188 3309 226 3363 ud
238 3308 376 3362 Valerium
393 3311 511 3376 refertur
527 3317 530 3368 1
548 3315 582 3363 20
602 3309 642 3362 eis
658 3308 718 3362 GH
733 3307 759 3362 ei
773 3308 818 3374 ΡΙ
834 3313 867 3362 21
883 3308 942 3362 eius
956 3313 1087 3376 temptare
1104 3307 1205 3361 nolim.-

183 3380 272 3448 pluru
294 3381 453 3433 cecideruut
474 3381 478 3448 Ι
498 3379 554 3434 nisi
573 3379 664 3448 ceptis
683 3379 713 3432 et
731 3377 814 3432 uictis
837 3377 975 3432 hostibus.
1012 3376 1061 3431 Eis
1083 3375 1204 3447 legioni-

190 3450 242 3504 bus
256 3451 275 3504 d
290 3451 294 3518 Ι
312 3455 345 3502 22
361 3449 618 3506 detreotcuerentlr
634 3452 638 3518 Ι
655 3455 689 3504 23
703 3448 831 3517 religatis
844 3449 912 3518 hPl
929 3447 1038 3503 .V11.e
1053 3451 1057 3517 Ι
1074 3454 1107 3502 26
1127 3445 1205 3517 pisso

188 3520 233 3645 ΙΙΙ]
249 3523 253 3587 Ι
275 3520 355 3644 ΟΙΙΙό.
371 3521 402 3574 Η
410 3522 436 3574 Ρ
449 3526 522 3576 coris.
539 3521 564 3575 G
583 3521 679 3576 consul
700 3519 728 3575 (l.
744 3519 1106 3586 Ded.coll.Vul·ll1crc.2,
1122 3523 1149 3586 7,
1165 3523 1183 3573 9
1199 3519 1202 3588 Ι

224 3607 272 3644 um
