2642 4046
450 611 552 685 rum
578 610 814 686 ruouruu

269 806 998 907 STRATEGEMATON

460 1021 583 1082 LIBER
606 1021 802 1094 QUARTUS.

191 1195 297 1262 Multo
318 1195 456 1261 tectione
483 1194 674 1280 conquisitis
701 1196 988 1281 strategematibus
1019 1199 1053 1260 et
1073 1216 1140 1262 non

123 1285 244 1372 exiguo
263 1285 413 1368 scrupulo
432 1283 578 1371 digestis,
600 1288 636 1349 ut
653 1285 851 1370 promissum
869 1285 968 1350 trium
981 1284 1140 1350 librorum
1159 1299 1175 1349 e

123 1375 304 1460 inplerem,
334 1375 362 1438 si
389 1372 487 1439 niodo
519 1373 661 1458 inpleui‚
692 1373 755 1439 hoe
782 1373 940 1439 exhibebo
973 1395 1024 1456 ee,
1056 1396 1139 1459 quse

122 1486 240 1548 perum
265 1466 340 1547 epte
363 1462 567 1548 discriptioni
589 1462 733 1547 priorum
758 1460 799 1526 ed
822 1463 962 1546 speciem
982 1463 1139 1548 elligstee

123 1552 229 1618 subici
251 1551 448 1617 uidebantur
470 1555 504 1616 et
521 1555 615 1616 erent
637 1551 783 1635 exempla
806 1552 915 1635 potius
939 1553 1140 1637 strategieon

122 1664 218 1726 quem
236 1644 483 1725 strategemate:
506 1662 589 1724 quae
607 1639 726 1706 idcireo
745 1641 904 1724 sepereui,
928 1641 1004 1724 quis
1027 1662 1139 1725 quem·

122 1731 173 1796 uis
197 1731 286 1795 clere
304 1729 452 1794 diuersae
475 1734 586 1802 temen
605 1733 699 1794 erent
721 1729 933 1814 substantiae,
954 1751 1006 1814 ne,
1030 1729 1059 1794 si
1081 1729 1138 1814 qui
1157 1745 1191 1794 ιο

122 1819 208 1884 forte
230 1819 267 1882 in
289 1817 399 1903 ulique
422 1839 459 1882 ex
481 1818 533 1882 his
556 1817 756 1896 incidissent,
781 1810 991 1883 similitbdine
1015 1817 1141 1883 inducti

124 1906 359 1991 praetermisso
377 1907 594 1990 opinarentur.
640 1910 673 1971 et
691 1927 768 1972 sene
786 1907 877 1971 uelut
895 1905 992 1990 <res>
1011 1906 1141 1972 residue

125 1994 325 2078 expedienda
352 1993 427 2060 fuit:
457 1995 490 2061 in
519 1999 641 2080 quaet
666 1996 738 2079 ipse
765 1994 912 2061 ordinem
935 2017 993 2080 per
1016 1997 1139 2080 species

125 2104 257 2148 seruere
280 2084 434 2149 conabor:

223 2171 249 2238 Ι.
270 2169 320 2236 De
343 2172 522 2256 discipline.
1159 2189 1192 2239 15

208 2259 250 2326 IL
271 2259 320 2324 De
343 2263 456 2327 effectu
480 2261 681 2347 disciplinae.

127 2387 338 2398 ———-

197 2459 209 2507 1
230 2451 305 2508 IULI
320 2451 467 2508 ERONTI
477 2451 771 2511 TRATEGETICON.
787 2455 845 2522 (sed
860 2451 1140 2538 IULHTRONTINI

120 2539 481 2598 STRATEGEMATICON
489 2544 520 2610 Ie)
533 2541 624 2598 Liber.
634 2541 682 2598 III.
693 2541 869 2598 EXPLICIT.
879 2540 978 2596 INCIP
990 2541 1141 2598 EUSDEII

117 2630 190 2686 LIB.
209 2630 271 2685 IIII.
289 2629 485 2686 FELICITER
502 2631 537 2685 Η
551 2630 628 2686 IULI
646 2630 826 2686 ERONTINI
846 2629 1140 2686 STRATEGEMATI·

118 2701 196 2757 CON
209 2701 320 2757 LIBER
335 2701 492 2758 TERTIUS
507 2701 684 2758 EXPLICIT.
702 2700 839 2758 INCIPIT
854 2700 1016 2757 EIUSDEM
1030 2701 1140 2756 LIBER

118 2771 290 2840 QUARTUS
309 2771 500 2828 FELICITER
510 2773 544 2841 P,
563 2775 674 2829 titulum
687 2779 753 2844 post
768 2775 969 2843 praefationem
984 2777 1138 2843 (p.116,5)

119 2843 228 2900 exbibet
239 2843 281 2910 e,·
298 2845 345 2900 red
357 2850 449 2899 tomen
463 2845 508 2898 tic
521 2845 599 2912 liber,
617 2847 666 2914 gui
679 2847 769 2912 fertur
781 2851 907 2914 quartus,
920 2861 977 2898 non
991 2850 1029 2899 est
1044 2843 1138 2898 Fron-

119 2917 192 2971 ts’m':
205 2916 239 2983 cs.
251 2916 343 2985 praef.
353 2915 403 2988 §8
419 2917 424 2986 Ι
440 2921 456 2970 6
471 2915 517 2970 hie
531 2915 593 2970 din
608 2917 661 2972 hoc
675 2917 734 2972 edd.
751 2919 756 2984 Ι
773 2923 788 2971 '1
802 2915 981 2985 discriptIoni
990 2915 1139 2970 Buecheler

116 2987 151 3044 in
170 2985 270 3041 Rbeie.
286 2987 363 3042 Mus.
379 2989 478 3056 (1858)
494 2991 539 3052 13,
553 2991 610 3042 602
630 2985 813 3056 descriptioni
827 2987 856 3042 P
870 2985 1059 3055 descriptione
1076 2984 1142 3040 GH

118 3057 284 3113 diseretIoni
303 3060 322 3112 d
338 3061 342 3124 Ι
359 3057 494 3126 elligutue
510 3058 687 3113 Woebsmutb
705 3057 825 3128 alligata
840 3057 907 3112 GH
908 3058 953 3124 ΡΙ
969 3061 986 3111 8
1004 3058 1090 3112 uerba
1109 3058 1139 3110 et

27 3119 38 3132 “
118 3124 462 3199 smegmata
472 3135 536 3198 post
546 3129 722 3184 substantiae
730 3132 770 3194 (u.
780 3132 827 3196 10)
837 3134 1017 3197 eamponere
1029 3129 1139 3182 mauult

117 3201 203 3256 Goete
219 3202 224 3269 Ι
240 3199 282 3271 et]
296 3201 348 3254 hee
365 3201 392 3253 P
405 3203 410 3268 1
426 3205 442 3254 9
457 3201 658 3271 strategemate
668 3200 695 3255 G
710 3199 960 3268 strategematieon
974 3199 1033 3254 Ser.
1051 3199 1055 3266 Ι
1071 3197 1138 3266 quie

119 3272 181 3340 (sed
198 3270 370 3340 inmemor.)
385 3270 438 3342 ΗΙ
454 3275 488 3325 10
507 3271 596 3327 claret
609 3271 635 3326 G
650 3271 656 3341 Ι
671 3273 788 3338 fortusse
805 3287 838 3324 uo
859 3287 895 3324 ne
912 3273 916 3339 Ι
934 3275 965 3323 11
991 3270 1020 3324 P
1049 3273 1054 3338 Ι
1070 3266 1135 3320 iniis

27 3336 32 3345 '
117 3340 198 3397 docti
216 3341 320 3406 GHP,
337 3359 405 3398 eorr.
424 3342 464 3412 dl
486 3347 518 3396 12
538 3358 608 3396 sunu
626 3342 671 3411 ΡΙ
686 3359 730 3397 res
749 3341 814 3397 odd.
830 3341 900 3396 Orod.
917 3341 922 3411 1
942 3338 1071 3408 residue]
1090 3351 1134 3388 res

117 3411 222 3468 idoneo
239 3414 259 3468 d
278 3413 284 3482 1
308 3418 342 3468 18
361 3412 573 3482 expediendae
597 3411 764 3483 expediendi
785 3411 899 3480 θΗΡΙ
920 3414 950 3466 et
969 3426 1035 3463 sene
1054 3404 1132 3458 uelut

120 3483 234 3539 residua
251 3483 427 3553 expedienda
446 3487 523 3539 sunt:
547 3485 577 3539 in
595 3501 651 3554 quo
670 3485 751 3552 edet!
772 3483 802 3536 iu
819 3499 876 3550 que
899 3481 982 3535 sicuti
1000 3479 1083 3530 entes
1101 3471 1131 3522 οὓ

121 3555 180 3622 ipse
198 3557 217 3610 d
233 3557 238 3625 Ι
254 3555 354 3610 ordine
375 3554 441 3611 GH
935 3631 974 3684 8*
