2642 4046
423 199 532 254 LIBER
548 198 595 256 IV.
624 198 700 256 OAP.
721 207 798 254 1-e.
1053 199 1118 265 125

101 362 177 427 inde
205 383 224 426 a
252 361 407 447 Philippo
436 366 530 447 patre
557 362 749 447 disciplinae
782 363 976 438 adsuefactis
1007 363 1119 428 orbem

102 459 262 516 terrerum
281 452 453 537 adgressus
471 451 725 517 innumerabiles
745 452 890 517 hostium
904 451 1014 536 copias
1030 450 1119 517 uicit

170 539 200 606 5.
233 536 338 624 Cyrus
352 541 439 606 bello
454 540 609 605 aduersus
623 540 740 606 Persas
759 541 1016 626 quattuordecim
1035 539 1119 606 mili·

101 629 164 693 bus
188 632 387 694 armatorum
409 630 573 694 inmensas
596 629 804 694 difficultates
829 629 1002 715 superauit.

170 719 199 782 6.
230 716 472 801 Epaminondas
487 718 552 782 dux
566 717 794 784 'Phebsnorum
813 723 967 802 quattuor
984 719 1118 784 milibus
1138 733 1154 784 ὅ

102 806 285 891 hominum,
322 827 360 872 ex
397 807 514 892 quibus
547 803 657 872 0000
690 810 820 872 tantum
856 808 980 892 equites
1018 812 1118 892 erant,

101 893 430 961 Lacedaemoniorum
460 895 635 960 exercitum
662 895 782 980 uiginti
811 900 966 980 quattuor
992 896 1119 962 milium

100 983 257 1068 peditum,
280 985 425 1068 equitum
449 984 537 1048 mille
563 989 782 1049 sescentorum
804 985 892 1050 uicit

171 1074 200 1138 7.
232 1073 263 1137 A
282 1072 539 1157 quattuordecim
558 1072 690 1137 milibus
710 1071 916 1157 Graecorum,
935 1071 991 1158 qui
1008 1094 1119 1137 nume·

101 1181 158 1224 rus
180 1160 215 1224 in
239 1161 369 1225 auxiliis
393 1158 470 1244 Gyri
494 1159 648 1226 aduersus
671 1159 874 1226 Artaxerxen
896 1161 966 1245 fuit,
990 1164 1173 1226 centum10

104 1249 197 1312 milia
220 1249 434 1314 barbarorum
458 1250 581 1332 proelio
606 1254 759 1333 superata
781 1255 865 1315 sunt

173 1337 203 1402 8.
226 1336 351 1402 Eadem
362 1335 562 1404 Graecorum
575 1339 726 1424 [proelio]
748 1338 1006 1423 quattuordecim
1030 1339 1120 1403 milia

5 1437 7 1496 1
104 1425 234 1490 amissis
258 1425 409 1509 ducibus,
435 1426 557 1492 reditus
586 1429 636 1492 sui
660 1449 738 1492 cura
760 1429 818 1493 uni
841 1450 880 1493 ex
904 1449 1036 1512 corpore
1060 1449 1119 1493 suo

103 1512 315 1598 Xenophonti
328 1515 524 1581 Atheniensi
537 1516 740 1601 demandata,
758 1538 817 1600 per
834 1517 946 1601 iniqua
960 1521 993 1582 et
1006 1518 1120 1603 ignota

104 1603 177 1668 loca
199 1604 378 1669 incolumia
399 1626 531 1669 reuersa
555 1609 638 1670 sunt.
1139 1618 1172 1669 15

169 1693 199 1757 9.
230 1691 353 1758 Xerxes
377 1715 397 1757 a
419 1693 572 1759 trecentis
600 1692 929 1760 Lacedaemoniorum
958 1694 998 1758 ad
1022 1695 1120 1759 Ther·
1165 1758 1167 1764 .

101 1782 253 1864 mopylas
275 1785 420 1865 uexatus,
444 1805 517 1847 oum
540 1782 596 1846 uix
620 1805 674 1848 eos
697 1784 899 1862 confecisset,
922 1783 985 1848 hoc
1009 1805 1042 1861 se
1066 1783 1120 1848 de-

104 1873 233 1952 ceptum
257 1869 375 1950 aiebat,
398 1872 484 1953 quod
508 1872 628 1935 multos
651 1871 780 1955 quidem
803 1872 953 1937 homines
975 1871 1119 1955 haberet,

103 1955 193 2020 uiros
216 1960 326 2022 autem
350 1957 539 2042 disciplinae
561 1962 691 2024 tenaces
714 1961 830 2026 nullos.

411 2165 459 2222 IIL
489 2167 538 2220 DE
557 2164 815 2222 CONTINENTIA.
1138 2172 1173 2222 20

172 2293 199 2358 1.
232 2290 275 2357 M.
298 2289 456 2358 catonem
483 2293 561 2358 uino
590 2292 703 2358 eodem
732 2315 795 2378 quo
826 2295 965 2378 remiges
989 2300 1119 2360 conten·

104 2384 175 2444 tum
197 2380 298 2444 fuisse
321 2380 469 2446 traditur.

170 2470 201 2536 2.
219 2467 395 2553 Fabricius,
410 2492 482 2534 cum
499 2467 615 2535 Cineas
629 2470 756 2556 legatus
770 2470 983 2555 Epirotarum
997 2472 1119 2557 grande

102 2558 230 2641 pondus
250 2557 321 2622 auri
340 2558 426 2623 dono
440 2559 469 2623 ei
493 2558 594 2642 deret,
616 2581 682 2623 non
706 2563 838 2645 accepto
858 2583 896 2626 eo
916 2560 998 2625 dixit
1021 2561 1119 2625 malle

103 2669 136 2712 se
158 2647 354 2711 habentibus
377 2647 411 2711 id
433 2647 606 2733 imperare,
630 2670 727 2731 quam
750 2648 879 2715 habere.
950 2715 953 2721 Α
1139 2669 1173 2718 ro

170 2736 198 2800 3.
232 2735 354 2800 Atilius
366 2735 522 2822 Regulus,
546 2759 619 2803 cum
638 2737 773 2802 summis
796 2737 892 2804 rebus
916 2737 1120 2822 praefuisset,

175 2988 191 3036 2
210 2981 372 3036 innumeras
386 2982 416 3037 P
432 2982 437 3055 1
461 2989 477 3037 3
496 2984 545 3038 boc
564 2984 714 3051 coemptum
732 2985 853 3039 alienum
870 2989 952 3053 putat
972 2984 1056 3038 Oud..·
1075 2985 1122 3039 scd

104 3053 139 3121 cf.
159 3055 251 3122 praef.
274 3051 331 3124 §9
353 3055 357 3122 Ι
374 3051 470 3135 Qu
493 3056 525 3108 in
547 3070 602 3108 ras.
621 3055 639 3107 b
658 3052 758 3122 Cyrrus
777 3056 829 3125 ΡΙ
854 3056 989 3123 quattuor
1009 3055 1049 3110 .X.
1070 3055 1119 3125 01

105 3147 121 3195 6
140 3140 245 3196 ¹CCCC.
263 3141 344 3196 cal>
360 3139 465 3197 ,0000
485 3142 519 3194 H
524 3141 533 3172 ¹
550 3142 554 3209 1
579 3143 691 3196 tantum
709 3171 745 3181 -
763 3143 1048 3198 Lacedaemoniorum
1071 3161 1121 3202 cm.

104 3211 175 3280 11¹1
192 3210 393 3267 annulum.
410 3211 455 3280 01
473 3218 489 3268 8
510 3213 702 3268 sexcentorum
716 3213 769 3267 bP
784 3213 789 3283 1
806 3219 839 3268 10
854 3217 930 3268 artar
944 3229 1047 3270 xerxen
1060 3215 1125 3271 ΗΡ

106 3284 283 3337 artarxersen
298 3282 344 3350 01
365 3284 476 3337 centum
496 3283 576 3338 milia
590 3284 656 3337 ΗΡ
674 3291 696 3338 c.
711 3288 747 3338 ᾗ.
765 3285 811 3353 01
834 3290 866 3338 11
887 3286 1011 3355 superati
1028 3289 1087 3353 (scd
1104 3305 1121 3344 a

104 3369 193 3422 srepra
215 3355 226 3407 i
248 3357 365 3422 scripta)
388 3354 442 3423 Η1
470 3360 502 3409 11
531 3353 637 3424 proelio
660 3371 693 3409 cc
717 3357 812 3424 priore
836 3373 919 3411 aerea
940 3357 1122 3414 hauddubie

105 3425 249 3494 repetitum
267 3425 368 3480 dabui:
390 3431 455 3481 cmte
474 3423 585 3480 amissis
603 3426 634 3480 r'd
655 3431 883 3496 composuerant
901 3429 960 3484 edd.
977 3429 982 3500 1
1004 3434 1037 3484 18
1056 3447 1119 3499 age·

106 3497 157 3550 bat
178 3494 224 3562 01
247 3501 280 3551 19
300 3497 394 3550 autem
413 3511 463 3552 om.
484 3498 512 3550 P
527 3500 531 3565 1
551 3495 658 3552 tenacis
675 3499 694 3551 b

176 3571 209 3619 21
230 3567 278 3622 boc
296 3568 446 3636 exemptum
463 3569 602 3638 superiori
617 3569 705 3638 capiti
722 3570 822 3624 tribuit
836 3571 870 3624 H
882 3574 886 3640 1
903 3575 937 3626 25
955 3570 1058 3626 hebere
1072 3573 1108 3626 H
1111 3571 1120 3602 ¹
