2642 4046
440 205 551 261 LIBER
567 206 602 261 11.
633 205 710 262 cAP.
730 212 807 264 a-o.
1084 206 1125 270 79

110 368 333 435 Mithridatico
352 369 451 436 ductu
472 368 637 453 Archelai,
661 369 775 434 stricto
800 369 909 456 gladio
928 369 963 433 in
985 369 1125 453 primam

111 459 211 524 aciem
239 459 441 544 procucurrit
469 459 701 544 appellausque
730 459 850 523 milites
879 457 972 540 dixit,
1000 459 1123 542 siquis

110 547 299 632 quaesisset,
322 548 378 612 ubi
400 549 630 631 imperatorem
650 548 869 633 reliquissent,
891 547 1125 630 responderent

109 639 308 721 pugnantem
327 637 362 700 in
380 636 531 702 Boeotia:
554 637 645 702 cuius
668 637 715 701 rei
739 637 861 722 pudore
884 636 1029 702 uniuersi
1051 656 1124 700 eum

110 724 213 790 secuti
238 728 323 792 sunt.
1144 742 1160 790 o

177 815 228 879 13.
264 813 368 879 Diuus
399 813 502 879 Iulius
539 813 580 877 ad
612 812 767 878 Mundam
798 812 1015 878 referentibus
1058 813 1124 877 suis

108 903 222 988 pedem
255 925 372 989 equum
401 925 495 969 suum
523 901 640 967 abduci
669 925 688 966 a
717 906 891 986 conspectu
914 901 1011 967 iussit
1034 906 1067 966 et
1089 902 1124 965 in

107 993 246 1075 primam
266 992 370 1058 aciem
388 992 485 1076 pedes
499 990 671 1074 prosiluit:
694 989 830 1073 milites,
853 990 930 1054 dum
949 990 1124 1055 destituere

107 1081 337 1165 imperatorem
358 1080 566 1161 erubescunt,
589 1078 893 1163 redintegrauerunt
916 1077 1085 1161 proelium.

177 1170 229 1234 14.
258 1169 431 1252 Philippus
453 1167 591 1248 ueritus,
614 1188 655 1231 nc
678 1166 836 1250 impetum
856 1165 1051 1250 Scytharum
1075 1166 1179 1232 suile

108 1278 175 1322 non
203 1257 412 1334 sustinerent,
440 1255 647 1321 fidelissimos
676 1255 820 1338 equitum
848 1277 867 1319 a
893 1259 986 1340 tergo
1016 1255 1125 1338 posuit

107 1344 350 1429 praecepitque,
376 1366 417 1408 ne
445 1365 541 1428 quem
569 1344 825 1409 commilitonum
854 1365 894 1409 ex
921 1344 988 1408 acie
1011 1343 1124 1429 fugere

108 1435 311 1517 paterentur,
339 1432 601 1518 perseuerantius
631 1433 788 1498 abeuntes
816 1432 1029 1498 trucidarent:
1060 1454 1124 1517 qua

106 1612 177 1676 lent
209 1611 251 1676 ab
284 1611 434 1677 hostibus
468 1632 565 1695 quam
597 1611 638 1675 ab
667 1610 733 1676 suis
766 1611 918 1696 interfici,
951 1610 1123 1676 uictoriam
1144 1627 1177 1676 15

107 1699 294 1784 adquisiuit.

263 1909 312 1962 Da
332 1909 393 1964 HIS
412 1909 510 1975 QUAE
528 1909 620 1965 POST
639 1908 828 1964 PROHLIUM
844 1907 964 1965 FIUNT.

108 1995 195 2052 VIIII.
220 1997 253 2051 SI
271 1995 340 2053 RES
358 1997 547 2054 PROSPERE
567 1997 749 2068 OESSERIT,
768 1999 818 2052 DE
833 1997 1123 2054 CONSUMMANDIS

459 2085 640 2151 RELIQUIIS
659 2086 776 2142 BELLI.

178 2231 206 2295 1.
243 2227 279 2294 0.
305 2229 443 2313 Marius,
475 2229 571 2296 uictis
603 2231 729 2313 proelio
761 2230 930 2312 Teutonis,
967 2229 1121 2312 reliquias
1141 2247 1175 2297 20

109 2338 234 2402 eorum,
259 2319 335 2402 quia
357 2339 423 2383 nox
445 2318 678 2402 interuencrat,
706 2318 955 2400 circumsedens,
983 2317 1122 2382 sublatis

109 2406 244 2471 subinde
273 2407 470 2473 clamoribus
497 2428 703 2490 perpaucos
733 2429 863 2472 suorum
886 2406 1053 2471 territauit
1075 2405 1122 2470 in·

109 2516 319 2579 somnemque
343 2495 471 2562 hostem
494 2496 645 2580 detinuit,
673 2517 712 2561 ex
735 2516 773 2561 eo
798 2496 983 2580 adsecutus,
1006 2499 1043 2560 ut
1064 2517 1122 2578 po-

108 2586 196 2649 stero
220 2583 270 2649 die
294 2584 510 2669 inrequietum
533 2585 661 2651 facilius
686 2585 871 2650 debellaret.

174 2673 205 2738 2.
233 2671 386 2740 Claudius
409 2672 512 2756 Nero,
536 2675 632 2740 uictis
656 2673 787 2758 Poenis,
811 2695 892 2758 quos
915 2672 1121 2739 Hasdrubale
1140 2689 1174 2740 25

107 2762 187 2826 duce
210 2762 244 2826 in
263 2761 394 2828 Italiam
414 2785 451 2828 ex
470 2763 633 2848 Hispania
657 2764 843 2830 traicientes
867 2765 1046 2847 exceperat,
1069 2784 1121 2827 ca·

104 2855 168 2934 put
181 2847 399 2916 Hasdrubalis
413 2852 448 2917 in
461 2857 569 2918 castra
583 2851 779 2918 Hannibalis
794 2852 901 2917 eiecit:
920 2875 983 2936 quo
998 2852 1122 2916 factum

107 2943 171 3022 cst,
202 2943 241 3003 ut
270 2943 303 3004 et
332 2939 497 3006 Hannibal
524 2943 615 3006 luctu
644 2944 734 3022 [nam
755 2942 858 3006 frater
882 2941 1007 3005 occisus
1036 2942 1120 3020 erat]

181 3083 195 3131 1
214 3077 414 3134 mitridaticoh
430 3078 586 3134 mitridatio
601 3079 645 3133 Η1
665 3079 824 3134 mitridaico
839 3079 884 3145 ΡΙ
901 3077 1048 3132 archelaus
1064 3077 1099 3131 H

107 3157 123 3204 3
143 3149 347 3218 responderunt
360 3151 412 3218 H}
428 3156 445 3204 4
464 3149 523 3205 cuis
537 3149 583 3205 Η1
598 3153 602 3217 1
620 3156 635 3205 7
656 3167 758 3220 equum
771 3149 812 3215 H,
829 3150 876 3204 sed
893 3166 942 3202 um
960 3150 992 3202 ia
1006 3149 1094 3203 reat

108 3225 142 3276 10
162 3221 301 3290 scytarum
321 3220 355 3274 Η
371 3221 503 3276 scitorum
523 3222 569 3290 ΡΙ
586 3228 618 3276 13
639 3221 767 3276 abeuntis
787 3220 816 3274 P

181 3292 344 3346 licitatum
361 3307 410 3346 om.
431 3293 475 3347 H¹
500 3294 505 3364 Ι
533 3293 614 3364 fiunt]
635 3291 747 3362 agenda
765 3293 829 3346 sunt
847 3291 867 3344 d
884 3305 918 3344 ec
931 3307 962 3361 p.
982 3294 1038 3360 38,
1058 3296 1094 3346 19

109 3368 143 3418 18
162 3363 339 3418 cessissentt
355 3370 360 3428 Ι
378 3369 410 3418 19
424 3362 540 3432 reliquis
553 3364 593 3431 H,
611 3365 674 3418 stem
684 3379 715 3430 p·
734 3366 781 3431 38,
798 3366 837 3418 22
855 3361 858 3433 Ι
880 3366 914 3417 20
933 3361 1056 3418 maurius
1075 3363 1093 3416 le

106 3439 141 3488 21
162 3433 384 3488 circumuenerat
397 3433 467 3499 ΗΡ,
486 3451 533 3489 em.
550 3433 636 3488 Grec.
660 3433 664 3504 Ι
691 3440 725 3489 24
743 3434 921 3501 inrequetum
939 3433 974 3487 H
996 3438 1000 3500 Ι
1030 3441 1064 3489 25
1079 3432 1119 3487 cl.

107 3504 143 3559 H
145 3504 191 3574 ΡΙ
207 3503 369 3559 hastrubale
383 3505 417 3559 Η
430 3507 434 3572 l
455 3510 488 3559 26
507 3503 537 3560 in
555 3503 638 3560 italia
651 3506 686 3559 H
690 3506 729 3574 P,
748 3521 817 3560 corr.
832 3506 851 3560 d
871 3503 874 3575 l
895 3510 928 3558 27
948 3502 1119 3559 hastrubalis

107 3577 143 3630 H
171 3579 175 3644 Ι
204 3580 238 3630 28
256 3590 322 3629 nam
342 3607 374 3614 —
395 3577 456 3630 erat
473 3577 522 3632 del.
545 3575 629 3634 Orod:
647 3577 682 3644 cf.
699 3577 790 3647 praef.
808 3575 829 3647 ,t
848 3580 866 3630 9
883 3575 978 3630 fratris
998 3572 1120 3631 occisid
