2642 4046
194 203 258 266 132
392 201 467 255 IULI
483 199 663 255 FRONTINI
681 197 1004 255 STRATEGEMATON

193 367 298 429 stratu
330 385 364 428 se
391 384 452 448 pro
478 383 514 426 re
541 363 675 447 publiea
701 361 902 426 deuouernnt
928 361 1144 446 admissisque
1178 364 1215 426 in

192 453 322 518 bostem
345 452 437 535 equis
460 451 570 534 adepti
592 450 764 515 uictoriam
786 449 913 534 patriae
935 451 1153 516 contulerunt

261 541 312 606 16.
344 539 381 604 P.
402 538 550 622 Crassus,
571 561 645 604 cum
666 538 788 604 bellum
811 537 967 604 aduersus
985 537 1216 604 Aristonicum
1303 555 1304 572 ¹

193 629 229 694 iu
251 628 334 694 Asia
356 649 472 714 gerens
495 628 580 692 iuter
602 627 738 692 Elaeam
764 631 798 691 et
819 626 984 710 Myrinam
1006 627 1043 692 in
1063 627 1215 694 bostium

158 735 175 783 s
194 719 306 803 copias
319 716 487 782 incidisset
499 716 656 801 uiuosque
667 715 888 798 abduceretur,
897 719 1081 782 exsecratus
1090 717 1126 780 in
1135 737 1216 782 cou-

55 791 83 852 ³<
193 806 264 870 sule
286 804 436 870 Romano
459 805 684 889 captiuitatem
707 805 816 889 uirga,
846 826 911 886 qua
934 805 975 868 ad
997 825 1118 888 equum
1140 811 1216 870 erat

193 917 282 977 usus,
304 894 434 959 oculum
448 892 593 976 Thracis,
616 915 636 957 a
656 915 721 977 quo
738 892 921 970 tenebatur,
943 893 1029 956 eruit
1046 897 1146 977 atque
1171 893 1215 958 ab

193 1003 232 1048 eo
255 1003 314 1068 per
336 981 481 1046 dolorem
500 982 661 1046 concitato
680 981 966 1045 transuerberatus
984 980 1122 1047 dedecus
1146 1003 1216 1046 ser-

193 1071 323 1153 uitutis,
345 1075 383 1134 ut
404 1070 570 1152 uoluerat,
593 1069 715 1153 effugit

144 1173 178 1224 10
264 1161 315 1225 17.
346 1158 391 1224 M.
404 1157 487 1224 (lato
506 1157 655 1224 Censorii
676 1157 763 1222 filius
786 1157 821 1220 in
844 1158 913 1222 acie
937 1157 1106 1222 decidente
1129 1179 1215 1242 equo

195 1248 377 1333 prolapsus,
399 1268 473 1312 cum
487 1267 520 1312 se
535 1245 757 1330 recollegisset
774 1245 1124 1330 animaduertissetque
1143 1246 1215 1332 gla-

193 1336 283 1400 dium
311 1336 467 1401 excidisse
494 1335 644 1420 uaginw,
671 1333 795 1398 ueritus
818 1334 1034 1419 ignominiam
1056 1334 1155 1398 rediit
1179 1335 1216 1400 in

194 1424 323 1489 hostem
355 1423 606 1508 exce<ptie>que
637 1423 762 1506 aliquot
792 1423 998 1506 uulneribus,
1031 1421 1215 1507 reciperato

195 1512 325 1577 demum
348 1511 473 1596 gladio,
495 1531 644 1576 reuersus
668 1514 719 1576 est
742 1511 782 1575 ad
805 1533 890 1576 suos.

143 1614 176 1665 15
264 1600 315 1665 18.
352 1599 485 1664 Petilini
513 1598 673 1664 aPoenis
702 1598 827 1664 obsessi
853 1603 1005 1682 parentes
1034 1603 1068 1662 et
1090 1599 1216 1666 liberos

194 1693 330 1772 propter
356 1687 501 1772 inopiam
529 1687 708 1765 eiecerunt,
738 1688 803 1771 ipsi
830 1688 928 1752 coriis
957 1686 1151 1752 madefactis
1183 1693 1217 1754 et

195 1779 271 1859 igne
301 1776 430 1842 siccatis
462 1775 613 1861 foliisque
643 1775 796 1840 arborum
826 1780 860 1840 et
889 1776 979 1840 omni
1001 1797 1120 1861 genere
1144 1778 1216 1842 ani-

196 1864 330 1930 malium
353 1865 456 1930 uitam
478 1864 646 1929 trahentes
674 1863 825 1929 undecim
855 1885 983 1928 menses
1007 1864 1216 1932 obsidionem

195 1953 429 2019 tolerauerant.
479 1999 487 2014 .

144 2055 179 2107 2ο
266 2041 316 2107 19.
349 2041 489 2126 Hispani
503 2038 690 2106 Consabrae
708 2040 833 2105 obsessi
852 2040 965 2104 eadem
989 2041 1100 2106 omnia
1123 2043 1217 2125 passi

197 2134 273 2195 sunt
295 2152 356 2196 nee
378 2129 533 2215 oppidum
556 2129 718 2194 Hirtuleio
741 2128 954 2194 tradiderunt

263 2219 316 2284 20.
348 2216 485 2284 Casilini
509 2217 677 2283 obsidente
699 2216 888 2282 Hannibale
917 2219 1047 2282 tantam
1069 2217 1217 2302 inopiam

196 2307 342 2392 perpessi
361 2311 445 2390 sunt,
467 2310 506 2371 ut
523 2304 577 2372 OG
591 2305 733 2371 denariis
753 2327 878 2370 murem
897 2305 1026 2370 uenisse
1049 2306 1217 2390 proditum
1303 2383 1304 2400 χ

196 2395 372 2461 memoriae
390 2395 434 2460 sit
451 2396 582 2479 eiusque
600 2393 803 2460 uenditorem
826 2393 912 2459 fame
934 2394 1069 2479 perissa,
1092 2399 1218 2479 empto·

269 2646 284 2694 1
307 2639 453 2708 missisque
480 2639 516 2693 H
522 2638 531 2669 ¹
555 2639 560 2708 Ι
585 2644 601 2692 2
630 2638 740 2708 adepti]
768 2637 865 2708 adepti
895 2638 1016 2694 mortem
1042 2639 1062 2694 d
1089 2639 1218 2709 adempti
1303 2633 1304 2684 l

197 2709 318 2778 Hartell
338 2715 356 2765 4
374 2707 450 2766 assia
465 2708 492 2765 G
507 2713 511 2778 Ι
527 2708 644 2764 Elaeam
660 2709 745 2765 Grec.
764 2708 868 2764 aeliam
886 2707 949 2764 GP
965 2708 1052 2764 eliam
1070 2710 1105 2763 H
1118 2712 1123 2779 Ι
1143 2728 1217 2780 myr-

197 2781 288 2836 riuam
306 2780 336 2835 P
354 2781 504 2851 Zmyrnam
525 2779 585 2834 Vae.
604 2777 844 2849 Mae.3,2,121
868 2784 884 2833 6
903 2779 1041 2848 uiuosque
1063 2778 1112 2834 Gt
1134 2781 1217 2836 uiuos

197 2853 241 2906 H¹
259 2851 396 2920 uiuasque
417 2850 467 2919 ΡΙ
493 2850 678 2905 adduceretur
696 2850 783 2920 GH}
805 2851 932 2921 consule]
956 2851 1125 2920 proconsule
1149 2851 1217 2907 Vsa.
1303 2913 1304 2926 χ

197 2928 227 2988 2,
245 2926 305 2990 4,1
327 2923 457 2993 praetore
475 2921 555 2976 Flcr.
573 2924 709 2989 2,20,4.·
731 2921 765 2987 εἰ.
783 2921 969 2990 12122281
995 2922 1140 2992 'lthrsgis
1160 2923 1221 2978 GP

197 2991 326 3076 theagisls
341 2996 367 3060 (s
384 2992 527 3075 crasclH
541 2992 644 3075 Thraci
662 2993 721 3047 edd.
738 2995 743 3059 Ι
764 2997 781 3047 8
799 2993 862 3063 per]
883 3007 968 3074 opere
985 2990 1012 3048 G
1027 2995 1031 3060 Ι
1048 2993 1160 3048 concito
1175 2995 1196 3049 d
1210 2993 1215 3064 Ι

200 3063 636 3203 &attellaitltffli‘
649 3062 1217 3217 ttilqliraetsttsdat

200 3211 232 3260 17
249 3208 258 3260 i
282 3203 353 3288 nelffl
364 3207 389 3289 (s
408 3211 500 3270 masa)
513 3204 549 3260 H
562 3175 593 3259 in
605 3176 671 3274 idne
688 3203 714 3258 G
729 3207 734 3274 Ι
750 3209 784 3258 20
799 3203 920 3274 Hispani
935 3203 1093 3259 Consabrae
1108 3206 1219 3288 obsessi

198 3291 247 3332 ⁹²⁰⁸
280 3275 564 3402 trieterides
578 3274 959 3402 terrasteiras?
972 3275 1217 3402 lifairfldllm
1303 3311 1304 3376 ³

198 3363 314 3472 iliberi
328 3418 384 3474 iere
395 3364 591 3486 Zeebmcicterpl
608 3423 641 3472 22
656 3414 774 3472 Casilini
784 3415 819 3469 H
830 3415 962 3472 cassilini
972 3363 1043 3471 01?
1046 3415 1218 3473 Casilinates
1303 3402 1304 3450 l

199 3488 268 3544 Ded.
285 3487 437 3571 §acilinum
452 3489 522 3545 Ocri.
539 3487 686 3570 lhanuiba
700 3486 727 3542 G
742 3490 796 3570 [23
811 3503 859 3542 ec.
875 3488 901 3542 G
920 3492 973 3544 a’r'.
989 3487 1025 3542 H
1039 3489 1152 3543 eentum
1169 3487 1219 3556 ΡΙ
1303 3501 1304 3508 “

199 3559 321 3615 decarne
339 3576 389 3615 om.
409 3561 491 3631 GH}
516 3577 624 3615 uennse
643 3559 674 3612 H
700 3573 821 3614 uennsee
841 3559 903 3614 GP
