2616 4048
172 222 214 287 76
375 222 450 278 IULI
468 221 645 278 FRONTINI
664 219 989 277 STRATEGEMATON

169 387 298 452 hostem
330 385 552 470 transfugere,
585 385 681 469 signa
713 405 826 449 canere
859 384 958 448 iussit
989 387 1022 448 et
1053 387 1191 470 turmas,

171 496 253 559 quae
278 496 332 541 eos
357 478 582 558 sequerentur,
605 472 740 539 inmisit.
780 473 887 538 hostis
910 473 1072 539 committi
1094 496 1190 558 proe-

170 565 251 628 lium
269 567 361 629 ratns
379 561 636 647 transfugientes
655 560 729 627 telis
747 561 887 648 excepit:
909 561 1114 647 Macedones,
1131 565 1190 649 qui

170 650 319 717 uiderent
344 674 449 735 neque
476 652 577 734 recipi
605 673 639 715 se
668 651 709 716 ab
738 651 934 716 aduersariis
962 654 995 716 et
1017 652 1122 735 premi
1146 653 1189 718 ab

135 740 236 821 shis,
264 763 347 824 quos
374 740 579 824 deserebant,
606 741 792 806 necessario
817 739 858 804 ad
881 739 1004 804 iustum
1026 740 1189 824 proelium

171 829 320 895 conuersi
341 829 471 894 hostem
494 830 693 894 inusserunt

238 918 268 982 9.
301 917 457 983 Datames
482 918 547 982 dux
567 917 742 983 Persarum
765 917 938 982 aduersum
960 917 1189 1003 Autophrada-

169 1009 226 1071 ten
244 1006 280 1071 in
293 1006 511 1092 Cappadocia,
530 1011 747 1090 campartem
767 1006 913 1089 equitum
931 1027 1063 1071 suorum
1081 1010 1188 1074 trans-

171 1095 285 1181 fugere
310 1096 534 1180 comperisret,
560 1098 686 1160 ceteros
706 1116 818 1160 omnes
836 1094 948 1160 uenire
967 1116 1076 1160 secum
1093 1095 1191 1162 iussit

119 1199 151 1248 10
171 1184 407 1269 adsecutusque
434 1184 621 1269 transfugas
650 1183 871 1267 conlaudauit,
904 1184 990 1268 qnod
1018 1205 1091 1249 eum
1120 1185 1190 1251 ala-

171 1277 269 1339 criter
299 1274 569 1358 praecessissent,
600 1272 814 1356 hortatusque
846 1276 896 1336 est
923 1293 978 1337 eos
1007 1272 1119 1353 etiam,
1151 1279 1191 1340 ut

170 1361 300 1426 fortiter
327 1361 456 1426 hostem
484 1360 703 1426 adorirentur:
733 1361 840 1444 pudor
865 1361 1046 1446 transfugis
1075 1363 1192 1428 attulit

170 1451 406 1533 paenitentiam
433 1454 466 1514 et
494 1450 665 1514 consilium
689 1471 800 1534 suum,
826 1450 903 1535 quia
929 1471 995 1515 non
1027 1451 1191 1534 putabant

171 1538 422 1622 deprehensum,
445 1539 665 1602 mutauerant.

117 1643 150 1691 15
239 1627 289 1693 10.
320 1626 357 1691 Τ.
376 1625 530 1702 Quintius
549 1624 752 1710 Capitolinus
777 1628 890 1692 consul
913 1627 1101 1693 cedentibus
1121 1627 1188 1694 Ro-

170 1717 275 1781 manis
299 1717 473 1780 ementitus
493 1717 595 1779 estin
615 1715 717 1779 altero
737 1735 838 1780 cornu
860 1715 972 1781 hoster
996 1716 1128 1802 fugatos
1153 1723 1189 1783 et

169 1805 218 1869 ita
242 1803 441 1870 confirmatis
464 1804 531 1868 suis
554 1802 727 1868 uictoriam
750 1805 872 1870 retulit.

239 1895 290 1959 11.
320 1890 377 1958 On.
395 1891 539 1957 Manlius
562 1892 719 1957 aduersus
741 1889 908 1978 Etruscos,
930 1894 1102 1960 uulnerato
1123 1897 1188 1961 col·

169 1982 243 2068 lega
262 1979 306 2046 M.
324 1980 441 2065 Fabio,
464 1980 520 2067 qui
539 1982 706 2047 sinistrum
731 2002 832 2046 cornu
855 1982 1007 2065 ducebat,
1030 1989 1063 2047 et
1085 1984 1128 2050 ob
1151 1985 1186 2049 id

115 2084 150 2136 ιο
170 2092 208 2135 ea
235 2074 327 2156 parte
350 2071 497 2154 cedente,
520 2070 606 2154 quod
629 2071 729 2134 etiam
753 2070 896 2136 occisum
920 2071 1086 2137 crederent
1109 2094 1186 2138 con-

170 2160 281 2245 sulem,
305 2180 378 2224 cum
396 2159 514 2224 turmis
538 2159 684 2243 equitnm
702 2160 853 2243 occurrit,
871 2159 1042 2224 clamitans
1067 2164 1099 2225 et
1122 2162 1187 2227 col-

168 2248 277 2333 legam
301 2248 412 2313 uiuere
435 2251 468 2312 et
487 2270 521 2312 se
540 2248 654 2313 dextro
678 2268 777 2313 cornu
794 2247 926 2313 uicisse:
950 2270 1015 2334 qua
1037 2253 1188 2315 constan·

168 2337 218 2401 tia
239 2336 470 2421 redintegratis
493 2335 612 2401 animis
635 2357 767 2402 snorum
790 2336 880 2402 uicit.

237 2426 287 2490 12.
324 2424 449 2490 Marius
479 2425 634 2492 aduersus
663 2422 813 2490 Gimbros
842 2429 874 2490 et
902 2425 1083 2506 Teutonos,
1113 2448 1189 2493 cum

115 2528 149 2578 ao
170 2516 344 2579 metatores
377 2515 446 2578 eius
482 2536 540 2597 per
571 2513 814 2597 inprudentiam
846 2513 894 2578 ita
926 2514 1042 2579 castris
1079 2516 1187 2582 locum

169 2603 345 2686 cepissent,
378 2605 415 2665 ut
446 2603 508 2666 sub
540 2604 703 2703 potestpte
735 2601 950 2668 barbarorum
979 2607 1065 2668 esset
1092 2625 1189 2690 aqua,

168 2690 395 2774 flagitantibus
416 2710 486 2754 eam
507 2689 583 2772 suis,
603 2689 706 2774 digito
725 2690 854 2756 hostem
870 2691 1042 2757 ostendens
1062 2691 1187 2777 ‘illinc',

169 2779 291 2862 inquit,
315 2777 465 2862 ‘petenda
489 2776 565 2841 est':
596 2799 659 2862 quo
684 2778 842 2843 instinctu
866 2780 1039 2845 adsecutus
1063 2784 1124 2864 est,
1149 2785 1190 2846 ut

169 2867 319 2952 protinus
345 2866 475 2931 barbari
498 2865 699 2932 tollerentur.

239 3029 255 3077 3
275 3022 493 3092 transfugientes
504 3023 545 3090 H,
563 3025 609 3079 ced
619 3023 700 3091 prior
714 3040 729 3078 e
743 3025 775 3078 ia
788 3040 844 3079 ras.
863 3029 994 3093 quattuor
1012 3026 1064 3081 zor.
1083 3027 1101 3080 h
1116 3027 1122 3095 Ι
1137 3027 1189 3096 qni

168 3111 231 3150 cum
250 3095 278 3150 P
304 3097 309 3164 Ι
338 3095 448 3163 excepit
466 3093 649 3148 Macedonas:
674 3093 724 3162 qui
747 3110 810 3148 cnm
829 3096 888 3150 edd.
919 3101 922 3159 Ι
954 3095 1190 3153 lautofiadaten

167 3167 302 3230 ΗΡ111
322 3165 513 3231 eosom.H¹l
540 3171 573 3219 12
588 3164 826 3219 adorerenturH¹
879 3165 1031 3234 13qu
1054 3168 1058 3238 Ι
1085 3169 1186 3223 14de·

167 3253 301 3306 prensum
324 3238 354 3290 H
366 3241 371 3298 l
388 3243 421 3291 18
440 3236 572 3291 manilius
591 3236 664 3302 ΗΡ,
681 3253 729 3290 rm.
744 3236 825 3300 aaa!
889 3236 992 3292 Fabius
1007 3239 1188 3293 aduersus-

168 3308 280 3374 collega
297 3305 403 3362 Manlio
421 3307 492 3363 Ded.
512 3309 570 3363 coll.
591 3307 657 3362 Liu.
671 3309 702 3374 2,
720 3311 770 3362 47.-
787 3308 834 3362 aed
852 3309 887 3374 cf.
905 3309 993 3376 praef.
1012 3310 1033 3379 §
1051 3312 1188 3378 111uu1-

167 3379 281 3432 neratus
300 3377 345 3448 ΡΙ
366 3383 400 3433 19
419 3379 529 3448 collega
543 3377 580 3433 M.
594 3379 693 3446 scripsi
711 3375 851 3448 collegam
870 3379 904 3433 H
908 3378 917 3410 ¹
936 3378 1082 3448 collegat
1101 3381 1188 3436 colle-

168 3465 219 3519 gas
239 3449 291 3515 ΡΙ
316 3446 459 3503 sinistrum
478 3447 599 3503 docebat
616 3449 650 3502 H
667 3448 671 3517 Ι
696 3447 794 3506 idom.
814 3450 849 3504 H
865 3455 869 3516 Ι
894 3455 929 3504 20
948 3465 982 3505 ea
999 3467 1049 3506 om.
1071 3451 1122 3520 ΡΙ
1148 3458 1185 3506 23

167 3517 392 3586 redintegritatis
411 3520 452 3586 H,
470 3521 517 3573 sed
534 3518 585 3572 red
603 3520 636 3573 irs
653 3535 707 3574 raa
722 3521 740 3574 h
756 3522 760 3589 Ι
777 3526 812 3574 24
829 3521 954 3576 Maurius
965 3522 996 3576 Η
1010 3525 1014 3589 1
1035 3521 1186 3594 asinquis]

168 3590 244 3658 quod
262 3589 307 3644 11¹
327 3593 331 3657 l
359 3589 433 3658 quod
452 3589 487 3643 Η
503 3595 566 3644 cate
584 3606 639 3644 ras.
661 3594 666 3658 Ι
691 3591 917 3659 repellerentur
937 3591 1022 3648 Groa.
