2642 4046
441 222 549 277 LIBER
566 221 612 279 IV.
642 221 719 277 CAP.
739 225 818 276 5-6.
1070 219 1135 284 133

120 409 191 453 rem
210 390 318 452 eutem
337 386 471 451 uixisse:
493 385 591 451 fidem
610 388 721 450 temen
740 405 869 450 seruare
883 382 1043 448 Romanis
1065 403 1137 467 per·

123 478 363 540 seuersuerunt.

190 565 243 629 21.
266 563 418 646 Cyzicum
437 584 509 628 oum
533 563 738 647 oppugnaret
750 559 967 641 Mithridates,
990 558 1137 642 captiuos

123 653 191 717 eius
224 653 313 717 urbis
346 652 499 736 produxit
530 651 736 734 ostenditque
767 650 927 732 obsessis,
959 648 1138 713 arbitratus

122 741 280 824 futurum,
308 743 345 804 ut
367 739 576 805 miseratione
601 760 732 805 suorum
756 738 965 822 compelleret
988 736 1029 802 sd
1052 735 1173 800 dedi-e

122 829 246 894 tionem
269 829 461 913 oppidanos:
484 831 519 892 et
542 828 592 891 illi
612 827 774 892 eohortsti
797 827 837 890 ed
860 825 1049 910 potiendam
1073 824 1139 890 for-

122 918 201 983 titer
224 921 363 982 mortem
391 916 538 1000 oeptiuos
568 936 697 980 seruere
720 913 879 979 Romanis
906 915 1002 978 fidem
1031 932 1139 997 perse·

123 1008 328 1071 uersuerunt.

191 1096 242 1159 22.
277 1092 500 1177 Segouienses‚
523 1111 596 1156 oum
615 1089 800 1156 sViriotho
824 1091 874 1155 his
892 1090 988 1155 liberi
1012 1091 1044 1152 et
1067 1109 1140 1152 eon·

122 1183 216 1265 iuges
245 1179 470 1263 redderentur,
502 1182 780 1264 praeopteuerunt
808 1181 954 1264 spectare
983 1177 1140 1261 supplicis
1160 1191 1193 1242 to

124 1271 299 1356 pignorum
324 1289 468 1351 suorum,
492 1290 588 1352 quam
613 1290 633 1333 o
655 1268 814 1333 Romanis
837 1267 981 1332 deficere.

192 1359 245 1424 23.
276 1356 481 1440 Numantini,
508 1378 550 1422 ne
575 1378 609 1422 se
638 1356 806 1439 dederent,
833 1357 918 1421 fame
941 1355 1026 1420 mori
1048 1375 1140 1438 prse-

124 1447 198 1512 fixis
220 1445 345 1511 foribus
369 1445 522 1510 domuum
546 1467 676 1510 suerum
699 1446 891 1510 meluerunt.

294 1655 341 1709 VI.
370 1654 418 1708 DE
438 1652 604 1710 nussum]
623 1653 670 1709 ET
690 1651 966 1709 MODERATIONE.

194 1802 224 1866 1.
256 1799 293 1875 Q.
323 1798 446 1864 Fabius
479 1798 631 1863 hortante
663 1798 747 1881 filio,
781 1801 819 1861 ut
850 1798 958 1862 locum
989 1794 1140 1860 idoneum
1160 1809 1193 1860 15

125 1909 303 1971 paucorum
325 1889 451 1951 ieoture
474 1890 618 1970 reperet,
647 1885 772 1970 ‘uisne',
795 1886 916 1971 inquit,
939 1884 988 1949 ‘tu
1011 1907 1050 1950 ex
1073 1883 1141 1948 illis

125 1975 239 2059 paneis
263 1973 370 2039 esse'?'

194 2064 225 2127 2.
246 2061 440 2145 Xenophon,
457 2083 531 2126 eum
545 2083 628 2146 equo
643 2062 813 2126 ueheretur
833 2065 865 2125 et
884 2060 1009 2146 pedites
1028 2060 1142 2144 iugum

128 2150 288 2235 quoddam
308 2171 465 2234 oooupere
483 2150 642 2233 iussisset,
661 2172 762 2215 unum
782 2171 820 2214 ex
834 2149 881 2213 eis
896 2149 1142 2214 obmurmuran-

127 2243 194 2304 tem
231 2238 332 2323 [quod
364 2237 497 2318 diceret]
531 2237 709 2321 (audiens)
741 2239 836 2302 feeile
872 2240 942 2302 tem
977 2236 1142 2302 laboriose
1159 2251 1194 2301 2ο

129 2327 295 2392 sedentem
321 2327 494 2410 imperare,
528 2326 660 2390 desiluit
687 2331 721 2391 et
748 2326 914 2412 gregalem
941 2346 1024 2409 equo
1052 2325 1142 2408 inpo-

128 2416 211 2496 suit,
248 2437 343 2480 eursu
379 2415 449 2497 ipse
487 2414 527 2478 sd
564 2414 762 2479 destinatum
795 2415 908 2499 iugum
935 2412 1142 2478 contendens.

128 2504 217 2568 euius
236 2503 316 2568 feoti
333 2502 485 2566 ruborem
503 2523 577 2567 uum
595 2503 722 2587 perpeti
745 2503 840 2567 miles
863 2523 928 2567 non
951 2504 1072 2586 posset,
1095 2502 1143 2563 in·

127 2592 308 2658 ridentibus
348 2590 625 2656 commilitonibus
667 2595 782 2676 sponte
818 2589 1000 2656 deseendit:
1037 2589 1143 2653 Xeno·

127 2681 284 2766 phontem
317 2679 372 2744 uix
403 2678 549 2746 uniuersi
580 2680 805 2764 perpulerunt,
841 2683 878 2743 ut
913 2677 1144 2744 conscenderet
1161 2690 1196 2742 uu
1314 2665 1315 2670 ἵ

200 2878 216 2926 3
236 2889 300 2926 oum
318 2887 369 2926 om.
386 2870 414 2924 P
428 2874 433 2938 Ι
448 2876 466 2924 4
484 2871 570 2926 uerba
587 2870 665 2926 urbis
684 2902 717 2912 -
736 2871 989 2941 perseuerauerunt
1006 2883 1057 2924 om.
1072 2867 1140 2938 11¹}

128 2945 271 2996 benorum
302 2957 397 2996 eorum
411 2944 455 2996 uei
474 2940 613 2996 sociorum
626 2943 665 3008 dl
687 2948 702 2996 9
722 2941 906 3012 Segouienses
925 2943 944 2996 d
966 2940 1028 3009 Ego
1046 2939 1143 2992 uiuen-

128 3029 172 3068 ses
192 3012 257 3094 (JH
311 3010 529 3081 Segobrigenses
549 3011 606 3068 Sor.
628 3016 632 3082 Ι
661 3011 791 3066 suriutho
810 3013 854 3068 H¹
880 3015 885 3080 l
914 3009 958 3065 his
974 3009 1039 3063 Pis
1054 3008 1143 3110 GH]

126 3082 291 3209 {liberisbid1
314 3083 320 3150 Ι
351 3087 384 3136 10
403 3083 621 3137 caederenturd
645 3086 649 3151 Ι
680 3088 712 3136 18
733 3083 866 3138 domuum
883 3082 935 3136 uP
961 3079 1077 3136 dominii
1096 3079 1130 3132 H

148 3169 213 3208 omu

202 3229 235 3278 14
254 3223 357 3278 affeetu
375 3224 394 3277 d
412 3222 513 3277 effectu
534 3221 646 3292 θΗΡΙ
668 3228 702 3277 15
722 3223 841 3288 Quintus
860 3222 927 3277 GH
943 3220 1072 3286 Quintius
1092 3220 1120 3274 P
1136 3221 1141 3292 1

127 3294 293 3350 idoneorum
312 3294 338 3348 G
358 3295 362 3362 Ι
386 3299 419 3348 18
442 3294 551 3363 sephon
569 3294 603 3348 H
608 3293 617 3324 ¹
638 3297 642 3362 Ι
665 3301 700 3348 20
718 3295 793 3362 quod
812 3293 920 3348 diceret
941 3295 1073 3364 ploseema
1090 3307 1144 3346 esee

126 3367 202 3420 uidit
222 3365 308 3420 Oud:
326 3364 360 3431 es.
376 3365 468 3433 praef·
486 3363 556 3434 §13
573 3364 578 3434 Ι
600 3364 716 3419 audiens
733 3365 862 3434 erepplens‘
882 3368 886 3430 Ι
905 3381 962 3418 uno
982 3381 1014 3418 er
1035 3363 1076 3417 eis
1094 3362 1142 3417 ob-

127 3436 320 3490 murmurunte
344 3450 377 3490 eo
401 3433 513 3488 dicente
536 3434 595 3490 Ser.
627 3452 754 3503 unusque
779 3451 814 3490 ex
841 3435 881 3490 eis
906 3434 1142 3490 obmurmurendo

128 3507 236 3562 diceret
251 3506 321 3562 Oud.
359 3509 392 3560 21
405 3503 543 3630 inspersere
557 3521 607 3563 om.
618 3506 664 3574 ΡΙ
685 3510 719 3559 22
733 3505 794 3576 ipse
809 3504 934 3576 pedestri
947 3505 1012 3562 edd
1027 3506 1033 3574 Ι
1049 3510 1082 3560 22
1096 3521 1143 3557 ru·

127 3593 235 3632 morem
249 3576 275 3632 G
291 3579 346 3646 124
364 3591 435 3630 xeno
466 3576 543 3630 ntem
559 3575 585 3629 θ
603 3576 806 3646 zenophontem
821 3577 857 3631 H
869 3576 924 3649 126
942 3575 1144 3648 pepuleruntt
