2616 4048
195 201 239 268 32
399 201 476 258 IULI
493 201 670 258 raonmsr
688 200 1014 258 asseruerimus

195 365 245 430 illi
267 364 451 449 iniquitatis
474 369 508 430 et
529 364 722 431 insolentiae
749 365 863 448 plenas
891 364 1093 446 retulissent,
1120 386 1217 429 exer-

196 454 279 519 citus
302 453 524 520 Romanorum
548 454 588 518 ad
610 454 824 540 pugnandum
847 454 1026 518 concitatus
1050 459 1108 518 est

263 541 293 608 5.
319 541 491 628 Agesilaus
509 541 840 607 Lacedaemoniorum
858 541 936 626 dux,
958 563 1032 606 cum
1049 563 1151 627 prope
1171 543 1215 608 ab

136 647 142 658 ·
197 629 402 697 Orchomeno
416 632 506 697 socia
519 632 653 697 ciuitate
667 633 775 696 castm
788 630 925 696 haberet
939 632 1216 716 comperissetque

163 719 370 805 eplerosque
398 743 437 785 ex
465 721 625 786 militibus
652 720 890 805 pretiosissima
915 741 1025 784 rerum
1052 719 1216 804 deponere
1291 717 1292 758 1

197 808 286 874 intra
302 810 512 887 munimenta,
529 810 695 893 praecepit
713 808 896 893 oppidanis,
911 829 954 874 ne
972 808 1049 892 quid
1068 810 1109 873 ad
1125 831 1216 874 exer-

198 896 297 962 citum
316 919 410 964 suum
429 898 594 984 pertinens
612 897 825 982 reciperetur,
847 919 913 982 quo
930 897 1096 963 ardentius
1120 898 1216 963 dimi·

198 989 286 1052 caret
300 987 404 1065 miles,
413 986 469 1071 qui
484 987 583 1051 sciret
596 986 661 1052 sibi
674 1007 734 1070 pro
745 986 896 1052 omnibus
910 987 978 1051 suis
992 987 1216 1072 pugnandum.

265 1075 293 1142 6.
326 1074 572 1160 Epaminondas
599 1075 665 1140 dux
687 1074 915 1141 Thebanorum
939 1073 1095 1140 aduersus
1117 1075 1214 1142 Lace

147 1180 180 1230 10
198 1163 386 1231 daemonios
414 1164 640 1247 dimicaturus,
666 1167 704 1229 ut
726 1185 793 1230 nou
815 1164 921 1229 solum
943 1164 1070 1228 uiribus
1092 1165 1216 1230 milites

199 1253 259 1336 sui,
274 1275 387 1318 uerum
407 1253 508 1319 etiam
526 1253 708 1320 adfectibus
728 1253 970 1336 adiuuarentur‚
987 1253 1217 1337 pronuntiauit

199 1340 234 1405 in
257 1342 407 1407 contione
431 1342 628 1408 destinatum
647 1341 925 1426 Lacedaemoniis,
947 1343 977 1407 si
995 1341 1134 1406 uictoria
1156 1365 1217 1426 po-

198 1429 348 1513 tirentur,
367 1451 479 1496 omnes
497 1431 603 1495 uirilis
622 1451 717 1495 sexus
733 1430 922 1509 interficere,
936 1430 1091 1496 uxoribus
1105 1433 1216 1496 autem

199 1537 313 1583 eorum
332 1521 365 1584 et
381 1518 495 1584 liberis
508 1519 544 1583 in
559 1519 750 1584 seruitutem
765 1519 912 1584 abductis
927 1518 1057 1584 Thebas
1072 1519 1217 1585 diruere:

149 1621 181 1672 11
200 1627 264 1690 qua
287 1606 533 1672 denuntiatione
552 1607 707 1673 concitati
725 1608 831 1692 primo
849 1609 974 1691 impetu
992 1607 1142 1673 Thebani
1155 1607 1217 1674 La-

198 1694 420 1760 cedaemonios
444 1699 720 1782 expugnauerunt.

266 1785 285 1848 7
288 1834 295 1850 .
318 1783 537 1867 Leotychidas
551 1786 615 1850 dux
629 1784 955 1851 Lacedaemoniorum
970 1786 1074 1850 classe
1092 1805 1217 1871 pugua-

199 1875 290 1937 turus
315 1872 428 1937 aodem
447 1873 512 1958 die,
536 1895 600 1958 quo
624 1874 771 1938 uicerant
792 1875 886 1957 socii,
910 1874 1058 1958 quamuis
1081 1875 1217 1962 ignarus

199 1963 290 2027 actae
317 1962 366 2027 rei
394 1962 544 2048 uulgauit
570 1962 757 2027 nuntiatam
781 1964 844 2028 sibi
865 1963 1038 2028 uictoriam
1060 1964 1218 2048 partium,

146 2063 180 2114 1ο
199 2071 262 2135 quo
285 2051 522 2117 constantiores
546 2051 588 2114 ad
610 2071 755 2135 pugnam
778 2052 900 2116 milites
922 2051 1068 2117 haberet.

267 2139 297 2204 8.
320 2140 424 2205 Aulus
442 2140 630 2205 Postumius
653 2141 793 2224 proelio,
817 2162 879 2225 quo
899 2162 972 2205 oum
991 2139 1117 2206 Latinis
1142 2163 1219 2207 con·

198 2226 294 2312 flixit,
318 2228 430 2295 oblata
454 2230 560 2314 speeie
584 2228 720 2294 duorum
742 2229 779 2293 in
803 2231 892 2312 equis
916 2231 1069 2294 iuuenum
1088 2230 1217 2296 animos

200 2338 332 2383 suorum
361 2319 477 2398 erexit,
505 2317 672 2383 Pollucem
702 2321 734 2382 et
757 2315 924 2383 Castorem
955 2317 1067 2382 adesse
1095 2319 1218 2402 diesne,

199 2426 237 2470 ac
261 2407 308 2472 sic
330 2407 490 2490 proelium
513 2407 665 2472 restituit.

146 2507 179 2558 11
267 2495 296 2560 9.
328 2495 545 2561 Archidamus
577 2494 850 2560 Lacedaemonius
884 2494 1040 2560 aduersus
1070 2495 1217 2561 Arcadas

199 2581 320 2646 bellum
353 2604 468 2668 gerens
503 2605 595 2647 arma
627 2583 661 2647 in
694 2583 810 2647 castris
844 2585 961 2649 statuit
992 2587 1025 2647 et
1057 2584 1146 2649 cirea
1178 2607 1218 2649 ea

60 2662 86 2735 “>
200 2669 273 2734 duci
304 2691 403 2754 equos
433 2675 532 2736 noctu
565 2671 649 2735 clam
682 2671 870 2754 imperauit:
904 2694 1041 2757 quorum
1073 2673 1218 2758 uestigia

72 2759 78 2781 “
200 2779 303 2840 mane,
321 2761 489 2842 tamquam
504 2755 622 2824 Castor
638 2763 671 2823 st
683 2757 801 2824 Pollux
819 2763 1089 2846 perequitassent,
1108 2765 1218 2826 osten-

200 2845 278 2912 dens
303 2845 472 2913 adfuturos
491 2847 622 2913 eosdem
640 2848 723 2932 ipsis
741 2849 977 2932 proeliantibus
999 2850 1171 2934 persuasit

271 3011 286 3061 8
306 3004 529 3061 lacedemoniom
544 3005 588 3061 H¹
604 3007 608 3076 1
632 3012 663 3060 11
684 3007 906 3076 11111111111Η1
931 3013 964 3061 12
984 3007 1149 3062 condicione
1162 3007 1200 3062 H
1213 3009 1216 3078 1

199 3077 363 3148 poterentur
382 3077 426 3133 Η1
447 3079 450 3147 1
477 3083 510 3132 16
533 3081 732 3147 pugnauerunt
749 3078 784 3132 H
802 3081 806 3149 1
838 3085 871 3133 l'l
890 3076 1027 3133 Euthidas
1048 3077 1150 3146 OHP‚
1168 3095 1218 3134 em.

201 3147 317 3206 Oascab.
333 3165 366 3204 ec
380 3149 421 3204 Po
452 3165 511 3204 cerr.
525 3153 552 3216 1,
562 3151 598 3203 33
616 3149 805 3216 Leutychidas
815 3147 874 3205 Ser.
896 3151 900 3218 1
926 3150 1015 3204 classe
1029 3181 1063 3190 —
1079 3166 1133 3218 quo
1146 3150 1219 3204 Oud.

200 3235 254 3286 quo
269 3219 388 3276 classem
438 3221 467 3275 P
485 3221 604 3275 classem
622 3221 766 3276 delendam
789 3222 859 3276 coni.
878 3222 949 3275 idem
969 3221 1039 3276 Oud.
1066 3227 1070 3290 1
1102 3225 1134 3276 19
1154 3238 1220 3290 par·

199 3287 271 3344 tium
294 3305 407 3346 saman:
429 3290 464 3358 es.
504 3295 641 3359 .35,20.
666 3295 715 3358 72,
729 3295 772 3345 11.
798 3290 1023 3359 0111.4,1,35.
1043 3295 1130 3358 s,13.
1150 3298 1177 3359 9,
1192 3295 1220 3348 2.

199 3359 445 3429 1141111111
504 3362 556 3419 Iul.
571 3361 644 3430 ΗΡ,
664 3363 742 3418 erud
757 3364 761 3432 1
778 3367 812 3416 22
830 3362 1036 3418 in-auimos
1051 3364 1083 3418 in
1096 3379 1152 3418 ros.
1163 3379 1220 3433 pro

200 3428 326 3486 0111-
347 3431 524 3558 111Η123
548 3437 576 3490 et
598 3432 743 3488 Castorem
766 3449 816 3488 om.
836 3433 887 3502 ΡΙ
913 3437 947 3488 25
971 3434 1108 3489 orchadas
1126 3434 1196 3488 ΗΡ

201 3507 235 3556 26
250 3502 340 3573 arma]
358 3519 437 3557 aram
470 3505 564 3560 aeaut.
585 3520 662 3559 aram
677 3506 706 3559 et
720 3522 798 3559 arma
814 3504 884 3560 Oad,
899 3521 932 3560 eu
944 3506 1075 3576 Polyaeu.
1085 3509 1113 3572 1,
1122 3509 1197 3572 41,1

201 3577 234 3626 27
253 3572 318 3626 duci
337 3572 407 3628 duos
426 3573 556 3630 Herelius
578 3577 582 3644 1
608 3580 642 3631 18
656 3576 862 3646 perequitasset
880 3575 956 3642 ΗΡ,
974 3576 1057 3632 11111
