2642 4046
416 180 527 236 LIBER
544 181 593 236 llI.
622 179 701 236 CAP.
719 186 799 237 5-6.
1070 181 1114 246 97

100 349 171 412 tem
185 367 278 410 suam
292 344 400 428 uellet,
418 345 486 409 eius
505 344 729 429 desperatione
746 349 874 410 ceteras
891 345 987 408 urbes
1005 346 1117 428 petere

102 435 213 518 eoepit
236 437 489 518 consecutusque
507 438 565 518 est,
588 439 624 498 ut
646 435 758 500 hostes
780 433 900 498 fidncia
921 433 1014 498 uelut
1036 433 1117 498 setis

104 523 249 588 munitae
272 523 362 588 urbis
388 523 457 587 eius
485 522 527 588 sd
554 523 692 588 tutelam
720 523 859 588 aliarum
882 522 1117 588 dilaberentur:

103 633 169 697 quo
193 611 279 677 facto
302 612 461 678 reuocatis
482 610 554 696 ipse
577 634 690 677 rursus
713 612 865 676 omuibus
889 613 957 676 sais
980 632 1117 678 uacuam

104 722 175 766 eam
200 700 419 766 defensoribus
441 703 536 784 cepit
1136 701 1153 750 ὅ

171 791 202 854 4.
235 788 404 856 Cornelius
429 790 566 856 Rufinus
594 790 721 867 consul,
748 811 821 855 cum
848 791 1013 874 aliquanto
1036 794 1117 856 tem-

104 900 183 962 pore
207 875 350 944 Crotona
372 879 528 963 oppidum
554 877 678 942 frustra
704 878 898 962 obsedisset,
921 879 1008 963 quod
1030 879 1118 944 inex·

104 968 280 1052 pugnabile
298 967 440 1032 faciebat
457 968 632 1050 adsumpta
649 967 685 1030 in
702 967 900 1048 praesidium
913 967 1118 1032 Lucanorum

105 1078 230 1140 manus,
250 1056 419 1120 simulauit
432 1077 466 1119 se
481 1059 595 1138 coepto
610 1055 775 1119 desistere.
820 1057 986 1138 captiuum
1006 1055 1119 1119 deinde

105 1165 227 1229 magno
250 1143 395 1229 praemio
419 1143 631 1208 sollicitatum
653 1143 745 1206 misit
768 1140 924 1223 Crotona,
948 1143 1012 1228 qui,
1035 1144 1173 1207 tam-1⁰

108 1254 206 1315 quam
230 1253 270 1296 ex
293 1231 439 1296 custodia
461 1231 638 1315 effugisset,
660 1232 823 1315 persuasit
844 1232 1031 1297 discessisse
1054 1231 1120 1298 lto-

107 1341 238 1386 mauos:
266 1320 299 1384 id
322 1341 435 1384 uarum
461 1318 690 1386 Crotonienses
713 1320 864 1386 arbitrati
890 1321 1041 1386 dimisere
1063 1343 1121 1386 au-

107 1409 186 1474 xilia
205 1408 417 1494 destitutique
436 1410 736 1493 propugnatoribus
756 1410 916 1495 inopinati
934 1414 967 1476 et
984 1410 1121 1476 inualidi

107 1519 146 1562 ca
168 1498 194 1562 ti
218 1501 303 1563 sunt.

145 1521 203 1652 pb.
236 1585 334 1672 Mago
358 1585 421 1651 dux
443 1584 778 1672 Carthaginiensium,
806 1587 894 1652 uicto
917 1586 975 1654 Cn.
997 1587 1118 1662 Pisone
1138 1588 1172 1637 15

107 1679 142 1740 et
168 1676 202 1740 in
231 1675 371 1762 quadam
397 1680 487 1740 turre
515 1676 742 1760 circumsesso,
772 1677 956 1760 suspicatus
984 1682 1120 1742 uentura

107 1764 137 1830 ei
156 1763 300 1830 subsidia
323 1764 492 1850 perfugam
511 1766 610 1848 misit,
634 1766 689 1850 qui
711 1766 922 1850 persuaderet
945 1766 1121 1850 adpropin-

108 1853 284 1936 quantibus
303 1857 433 1937 captum
452 1854 517 1918 iam
532 1853 697 1918 Pisonem:
721 1877 785 1938 qua
806 1856 934 1920 ratione
957 1855 1120 1920 deterritis

12 1963 14 2020 ,
107 1943 155 2006 eis
179 1941 304 2026 reliqua
326 1943 484 2006 uictoriae
506 1943 751 2009 consummauit.

176 2030 206 2094 6.
239 2028 425 2094 Alcibiades
453 2030 488 2094 in
512 2027 636 2113 Sicilia,
663 2052 736 2094 cum
761 2028 981 2114 Syracusanos
1005 2053 1120 2115 capere
1139 2031 1174 2080 ²0

108 2117 217 2196 uellet,
237 2139 276 2182 ex
290 2114 542 2201 Catiniensibus,
565 2118 651 2202 apud
669 2140 750 2203 quos
764 2123 835 2184 tum
854 2119 1031 2184 exercitum
1049 2142 1122 2186 con-

110 2206 250 2288 tinebat,
288 2205 448 2289 quendam
480 2207 669 2290 exploratae
705 2206 869 2273 sollertiae
900 2208 1052 2272 submisit
1082 2208 1123 2274 ad

112 2293 343 2377 Syracusanos.
388 2295 417 2359 is
447 2295 482 2358 in
514 2293 680 2379 publicum
716 2295 889 2360 concilium
921 2296 1122 2361 introductus

111 2383 274 2466 persuasit
296 2383 525 2450 infestissimos
548 2405 618 2448 esse
642 2382 844 2450 Catinienses
866 2385 1122 2450 Atheniensibus

114 2474 161 2553 et,
184 2471 212 2536 si
235 2470 466 2537 adiuuarentur
487 2495 507 2538 a
531 2469 754 2557 Syracusanis,
777 2472 932 2557 futurum,
955 2479 992 2538 ut
1015 2474 1122 2558 oppri·
1141 2473 1176 2522 2⁶

111 2564 238 2626 merent
261 2581 316 2625 eos
340 2564 373 2624 et
395 2560 611 2627 Alcibiadem:
635 2584 699 2646 qua
721 2583 756 2627 re
780 2561 909 2629 adducti
928 2560 1124 2648 Syracusani

110 2648 270 2714 uniuersis
289 2649 413 2714 uiribus
428 2647 578 2714 Catinam
596 2652 731 2735 petituri
749 2656 986 2737 processerunt,
1010 2651 1124 2717 relicta

111 2737 256 2822 ipsorum
279 2739 368 2824 urbe,
391 2761 488 2823 quam
512 2763 532 2805 a
555 2743 648 2826 tergo
672 2741 804 2806 adortus
823 2741 1010 2808 Alcibiades
1033 2742 1124 2808 deso·

111 2827 227 2910 latam,
249 2832 287 2891 ut
309 2833 510 2912 sperauerat,
534 2827 666 2895 adflixit

183 3055 334 3109 etatulam
348 3055 392 3110 H¹
408 3058 412 3123 1
433 3064 449 3112 6
464 3055 562 3110 consul
575 3071 625 3112 om.
638 3055 682 3110 Ηι
698 3059 703 3124 Ι
719 3063 734 3110 1
750 3058 885 3110 chrotona
895 3057 930 3124 P,
947 3058 1012 3112 item
1024 3057 1105 3124 infra

112 3124 217 3180 frustra
236 3125 391 3180 obsedisset
409 3143 459 3180 om.
474 3127 517 3182 Hl
534 3128 538 3196 Ι
562 3132 595 3180 10
614 3129 674 3180 tem
693 3142 726 3180 ex
744 3127 779 3182 H
796 3129 801 3196 Ι
828 3131 859 3180 11
880 3127 1036 3184 custodiam
1055 3127 1100 3182 H¹

114 3202 147 3250 12
165 3195 196 3250 id
214 3213 247 3252 ec
265 3196 302 3251 ad
315 3196 350 3251 H
363 3202 367 3261 Ι
393 3203 426 3252 11
446 3197 545 3252 oberth
586 3197 591 3208 '
614 3199 721 3252 ensium
735 3197 770 3252 H
788 3205 791 3260 Ι
818 3204 851 3252 16
869 3198 972 3252 turrile
987 3202 992 3267 Ι
1008 3199 1126 3253 circum-

113 3269 192 3336 septo
205 3268 244 3336 dl
263 3273 294 3322 19
314 3267 398 3323 esH¹
413 3271 418 3335 Ι
433 3267 555 3326 uictoria
601 3268 609 3299 ¹
625 3267 629 3338 1
645 3268 783 3337 reliquam
802 3268 951 3323 uictoriam
969 3271 1058 3339 1:120
1077 3269 1127 3340 Sy·

112 3353 226 3392 recusas
248 3338 333 3394 Dea.—
360 3339 407 3394 aed
429 3341 464 3406 cs.
479 3357 510 3410 p.
529 3343 633 3407 97,14.
651 3345 730 3407 99,e
760 3341 764 3407 Ι
793 3345 827 3394 al
851 3340 1077 3398 catheniensibus
1096 3342 1131 3397 H

114 3406 358 3464 cataniensibosP
372 3411 562 3467 catinensibus
575 3412 595 3466 d
610 3417 615 3476 Ι
631 3415 701 3479 aput
714 3410 758 3466 H¹
775 3413 779 3479 Ι
802 3416 836 3466 23
854 3411 899 3465 his
915 3410 961 3480 ΡΙ
978 3411 1128 3468 concilium

116 3480 186 3536 coe.
206 3479 354 3536 consilium
373 3481 458 3546 ΗΡΙ
478 3480 646 3538 introductis
664 3481 709 3536 H¹
734 3485 739 3550 Ι
759 3487 794 3536 24
812 3482 1005 3539 cathenienses
1023 3485 1042 3538 b
1060 3482 1128 3539 cati·

114 3567 213 3605 nenses
232 3553 251 3606 d
267 3551 271 3623 Ι
291 3556 325 3606 26
344 3551 498 3608 alcibiades
517 3553 552 3608 H
573 3553 578 3625 Ι
603 3557 637 3608 28
656 3553 847 3611 acdesolatam
866 3554 901 3609 H

167 3649 308 3691 llaorrrsus
322 3650 356 3691 ed
372 3649 541 3692 Gundermsnn.
868 3703 871 3714 ¹
952 3649 967 3698 7
