2452 3952
414 187 526 245 LIBER.
542 188 577 245 11.
605 188 682 244 OAP.
702 193 781 243 2-3,
1062 187 1105 251 47

89 355 266 437 exercitus,
296 355 367 438 ipsc
399 356 535 438 optuma
566 355 659 436 parte
686 351 806 416 uirium
836 372 966 415 suarum
994 351 1105 418 dextro

90 465 192 510 cornu
214 446 319 508 totam
343 441 504 506 circumiit
527 441 628 505 aciem
650 440 794 505 hostium
818 445 852 505 et
874 440 1001 504 auertit.

158 533 188 597 4.
212 531 248 596 Ρ.
262 529 430 596 Cornelius
450 528 573 615 Scipio,
597 530 647 594 cui
670 532 787 615 postea
809 528 963 594 Africano
988 549 1104 614 cogno·

90 620 265 702 mensuit,
287 619 442 685 aduersus
466 617 706 684 Hasdrubalem
729 618 911 684 Poenorum
934 617 1048 683 ducem
1070 619 1105 683 in

88 708 251 793 Hispania
277 728 393 793 gerens
420 708 543 773 bellum
570 708 618 773 ita
644 730 704 792 per
731 708 903 772 continuos
929 707 997 772 dies
1021 706 1140 778 ordi-5

88 803 203 863 natum
225 797 379 881 produxit
402 796 591 881 exercitum,
619 801 656 861 ut
679 796 786 861 media
809 797 893 862 acies
917 795 1104 862 fortissimis

86 886 286 951 fundaretur.
333 886 389 951 sed
421 906 493 950 cum
525 885 636 951 hostes
671 907 798 970 quoque
830 885 943 950 eadem
976 886 1105 950 ratione

87 975 221 1041 adsidue
243 975 387 1039 ordinati
410 974 637 1059 procederent,
665 972 773 1058 Scipio
797 995 835 1039 eo
859 974 922 1057 die,
952 995 1015 1058 quo
1040 977 1105 1039 sta-

85 1069 196 1129 tuerat
218 1062 404 1146 decernere,
427 1064 641 1128 commutauit
664 1063 888 1128 instructionis
907 1062 1054 1128 ordinem
1073 1066 1105 1126 et

84 1153 292 1217 firmissimos
317 1153 364 1234 [id
384 1154 434 1216 est
451 1151 664 1237 legionarios]
689 1153 723 1215 in
745 1151 896 1216 cornibus
920 1151 1104 1216 conlocauit
1124 1171 1157 1220 10

86 1263 125 1307 ac
151 1242 259 1306 leuem
286 1245 485 1306 armaturam
514 1241 548 1304 in
575 1239 684 1304 media
715 1240 796 1323 acie,
829 1239 885 1304 sed
916 1243 1104 1305 retractam:

86 1331 136 1393 ita
167 1328 330 1412 cornibus,
362 1329 479 1415 quibus
510 1329 581 1412 ipse
612 1328 833 1412 praeualebat,
866 1328 1104 1394 infirmissimus

86 1419 234 1483 hostium
256 1421 366 1503 partes
389 1418 504 1483 lunata
527 1419 595 1482 acic
619 1416 792 1502 adgressus
815 1416 910 1482 facile
932 1416 1027 1483 fudit.

156 1507 186 1572 5.
209 1506 361 1572 Metellus
380 1507 415 1571 in
433 1505 604 1590 Hispania}
620 1526 659 1571 eo
678 1506 802 1589 proelio
822 1527 886 1590 quo
905 1505 1103 1572 Hirtuleium

86 1595 220 1680 dcuicit,
248 1617 321 1661 eum
344 1596 556 1679 comperisset
579 1594 729 1659 cohortes
754 1595 836 1680 eius,
865 1616 947 1680 quae
971 1596 1155 1662 ualidis-15

85 1684 189 1750 simae
207 1685 421 1767 uocabantur,
444 1684 478 1748 in
496 1683 603 1749 media
621 1683 689 1748 acie
712 1684 850 1766 locatas,
873 1686 942 1768 ipse
961 1685 1102 1749 mediam

85 1794 218 1839 sucrum
247 1774 350 1839 aciem
376 1772 518 1855 reduxit,
547 1794 589 1838 ne
617 1793 655 1837 ea
682 1777 775 1858 parte
803 1777 878 1838 ante
906 1794 979 1838 cum
1007 1773 1102 1839 hoste

84 1862 291 1948 confligeret,
312 1883 410 1947 quam
428 1862 579 1927 cornibus
598 1863 800 1946 complicatis
820 1862 943 1927 medios
962 1861 1102 1947 undique

86 1951 363 2016 circumuenisset.

131 2063 137 2071 ·
154 2039 184 2104 6.
205 2040 404 2105 Artaxerxes
424 2038 579 2104 aduersus
598 2038 752 2124 Graecos,
775 2041 831 2123 qui
848 2039 983 2104 Persida
1003 2041 1101 2104 intra-
1120 2057 1153 2106 2ο

83 2132 211 2213 uerunt,
233 2149 306 2194 oum
324 2128 532 2193 multitudine
551 2133 727 2212 superaret,
749 2129 848 2193 latius
868 2150 964 2212 quam
988 2129 1100 2193 hostes

83 2217 154 2282 acie
176 2217 338 2282 instructa
360 2218 396 2282 in
417 2216 525 2282 fronte
545 2217 744 2300 (peditem),
768 2217 910 2300 equitem
933 2218 1101 2300 leuemque

83 2310 283 2370 armaturam
306 2307 342 2370 in
365 2305 516 2372 cornibus
536 2305 731 2370 conlocauit:
755 2309 852 2389 atque
874 2306 923 2369 ita
945 2326 984 2369 ex
1006 2305 1101 2369 indu-

83 2393 167 2459 stria
196 2395 315 2460 lentius
349 2395 541 2480 procedente
573 2393 680 2458 media
713 2393 781 2458 acie
813 2393 923 2476 copias
956 2393 1102 2459 hostium

83 2483 188 2548 cinxit
211 2483 400 2568 ceciditque.
1121 2500 1154 2550 25

153 2573 182 2638 7.
215 2569 336 2637 Contra
364 2571 529 2637 Hannibal
559 2571 599 2637 sd
623 2570 753 2637 Oannas
779 2571 920 2635 reductis
949 2571 1101 2637 cornibus

80 2660 303 2746 productaque
325 2661 431 2726 media
454 2661 522 2727 acie
541 2665 672 2727 nostros
696 2661 801 2744 primo
822 2660 947 2744 impetu
971 2664 1101 2744 protru-

83 2749 136 2814 sit
175 2749 262 2815 idem
286 2755 436 2816 conserto
458 2751 596 2835 proelio,
624 2750 782 2834 paulatim
805 2750 945 2815 inuicem
969 2751 1100 2815 sinuan-

80 2837 172 2902 tibus
195 2839 507 2925 procedentibusque
531 2839 573 2904 ad
589 2843 798 2925 praeceptum
817 2839 984 2923 cornibus,
1007 2838 1100 2904 auide

81 2927 310 3011 insequentem
336 2928 467 2994 hostem
493 2929 529 2993 in
557 2929 696 2993 mediam
726 2928 826 2993 aciem
855 2949 948 2992 suam
977 2928 1100 3011 recepit
1118 2943 1153 2992 30

156 3072 171 3121 1
191 3066 301 3137 optima
319 3068 338 3122 d
353 3071 357 3135 1
380 3069 466 3123 uerba
484 3068 583 3122 demto
603 3083 689 3122 cornu
708 3067 841 3122 immerito
858 3070 985 3134 suspecta
1002 3065 1101 3120 tabuit

80 3138 162 3194 Stew.
186 3141 191 3208 Ι
220 3144 236 3193 2
257 3137 357 3194 circuit
375 3138 420 3194 Ηι
448 3137 611 3193 circumitis
636 3139 641 3208 Ι
666 3144 682 3192 3
703 3137 797 3207 Scipio
816 3153 866 3193 cm.
887 3136 939 3202 ΡΙ
969 3142 984 3190 7
1003 3136 1100 3191 hostes

80 3225 131 3265 orn.
143 3208 179 3264 H
180 3209 188 3240 ¹
203 3211 209 3278 Ι
226 3214 259 3263 10
273 3208 304 3263 id
318 3211 362 3264 est
376 3208 547 3280 legionarios
565 3210 665 3264 deleuit
678 3208 841 3278 Wessclinp:
859 3209 894 3275 cf.
904 3207 995 3277 praef.
1011 3205 1077 3278 §13
1094 3207 1097 3278 l

80 3279 221 3337 cornubus
231 3280 266 3335 H
276 3285 340 3335 cute
352 3297 407 3336 ras.
425 3284 430 3349 Ι
448 3284 480 3335 15
495 3281 624 3336 cohortes
642 3295 692 3334 oen.
705 3279 751 3346 ΡΙ
769 3285 802 3333 16
819 3279 1000 3334 laetabantur
1014 3278 1098 3333 Grau.

78 3351 252 3408 uidebantur
269 3350 434 3421 Woelfflin!
461 3356 493 3407 18
512 3350 677 3420 confligeret
696 3353 725 3404 et
738 3350 774 3405 Η
790 3351 795 3420 Ι
815 3348 973 3419 confligatis
988 3350 1016 3404 P
1036 3365 1098 3430 pro-

78 3423 187 3494 fligatis
207 3422 287 3478 Mod.
312 3422 482 3479 conflictatio
500 3423 626 3479 Eussner
641 3424 645 3489 1
669 3425 703 3475 20
722 3420 903 3475 mneritas
916 3421 961 3491 ΡΙ
976 3419 1100 3489 perndie

77 3495 125 3619 H:
147 3493 290 3563 persidam
309 3495 338 3548 P
341 3505 370 3619 11>
383 3501 417 3549 22
436 3494 562 3564 peditem
580 3493 719 3564 suppleuit
737 3491 863 3548 Eussner
884 3495 888 3558 Ι
911 3497 946 3546 24
965 3492 1026 3546 acie
1044 3507 1095 3547 cm.

145 3570 150 3634 Ι
174 3569 209 3620 30
227 3565 258 3619 in
276 3581 326 3621 om.
451 3629 455 3634 ,
