2616 4048
460 194 570 250 meaa
588 193 622 248 11.
652 193 729 250 cnr.
750 199 773 249 1.
1077 193 1121 258 39
1153 269 1158 276 Ι

219 357 258 423 X.
283 355 318 423 Si
335 378 387 422 res
407 355 517 422 durius
532 357 677 438 cesserit,
692 355 730 421 de
746 357 890 422 aduersis
905 356 1122 423 emendandis.

202 445 259 512 XI.
282 445 331 511 De
354 445 526 512 dubiorum
550 445 668 511 animis
691 446 725 510 in
747 445 810 510 fide
833 445 1021 512 retinendis,

182 534 259 599 XII.
282 533 371 610 Quae
393 533 541 600 facienda
564 536 630 599 sint
652 556 711 619 pro
735 535 864 618 castris,
888 535 916 600 si
939 535 1020 600 satis
1043 534 1122 600 fidu-

319 624 386 690 ciae
401 624 437 688 in
450 622 675 707 praesentibus
693 623 795 707 copiis
808 645 876 689 non
888 623 1121 708 habe<a>mus

167 711 257 779 XIII.
280 712 328 778 De
351 712 542 798 effugiendo.
1140 726 1155 776 o

237 923 258 979 Ι.
286 923 335 978 DE
353 920 528 976 TEMPORE
547 919 597 974 AD
615 919 773 976 PUGNAM
791 919 987 977 ELIGENDO.

174 1069 202 1134 1.
230 1067 266 1134 Ρ.
282 1065 390 1149 Scipio
409 1066 445 1130 in
463 1064 633 1148 Hispania,
656 1086 729 1130 cum
748 1065 959 1149 comperisset
976 1063 1122 1130 Hasdru·

102 1157 215 1221 belem
238 1154 422 1220 Poenorum
446 1153 558 1218 ducem
579 1153 688 1218 ieiuno
711 1154 853 1218 exercitu
877 1173 972 1217 mane
994 1174 1122 1238 proces·

103 1245 190 1309 sisse
221 1243 257 1308 in
284 1243 401 1325 aciem,
432 1241 593 1307 continuit
623 1241 658 1305 in
688 1240 802 1306 horam
835 1241 1009 1325 septimam
1037 1262 1122 1324 suos,

104 1331 226 1415 quibus
249 1334 473 1414 praeceperat,
496 1333 533 1394 ut
555 1329 755 1413 quiescerent
773 1333 806 1395 et
824 1330 932 1396 cibum
955 1334 1121 1414 caperent:
1142 1347 1174 1395 10

105 1437 245 1504 eumque
271 1418 383 1484 hostes
410 1417 530 1499 inedia,
558 1419 626 1501 siti,
653 1439 745 1484 mora
772 1419 833 1484 sub
862 1420 961 1484 armis
987 1419 1121 1505 fatigati

106 1513 252 1592 repetere
280 1511 387 1574 castra
410 1508 606 1592 coepissent,
632 1507 742 1574 subito
771 1509 881 1592 copias
905 1506 1061 1592 <e>duxit
1089 1515 1122 1572 et

104 1597 279 1664 commisso
303 1597 427 1682 proelio
450 1596 538 1664 uicit.

172 1686 203 1751 2.
226 1685 376 1752 Metellus
400 1685 477 1752 Pius
500 1686 536 1751 in
554 1684 715 1769 Hispania
738 1685 893 1752 aduersus
912 1684 1121 1767 Hirtuleium,

103 1795 178 1840 cum
206 1774 263 1840 ille
291 1775 416 1841 oriente
444 1775 592 1858 protinus
615 1774 667 1839 die
689 1774 884 1840 instructam
908 1775 1009 1841 aciem
1032 1773 1121 1838 uallo
1142 1789 1173 1838 15

103 1863 175 1928 eius
194 1862 407 1946 admouisset,
426 1862 646 1930 feruidissimo
665 1866 742 1928 tunc
766 1867 913 1947 tempore
936 1864 1012 1928 anni
1034 1863 1121 1926 intra

21 2001 26 2006 .
104 1955 214 2016 castra
236 1951 398 2016 continuit
420 1972 496 2016 suos
519 1951 553 2017 in
576 1951 692 2016 horam
711 1950 774 2016 diei
794 1954 934 2016 sertam:
958 1955 1056 2034 atque
1074 1951 1122 2014 ita

103 2039 263 2123 fatigatos
297 2041 390 2104 aestu
422 2038 519 2104 facile
549 2039 686 2124 integris
714 2041 748 2103 et
774 2038 957 2104 recentibus
989 2059 1121 2104 suorum

104 2127 234 2192 uiribus
257 2127 345 2192 uicit

175 2215 205 2280 3.
227 2214 329 2297 Idem,
343 2213 463 2278 iunctis
481 2235 554 2278 cum
567 2213 724 2298 Pompeio
743 2214 860 2278 castris
879 2212 1034 2278 aduersus
1049 2211 1121 2278 Ser·
1140 2231 1173 2278 20

106 2301 230 2369 terium
261 2302 296 2367 in
327 2300 504 2384 Hispania,
536 2322 609 2367 cunr
642 2322 736 2385 saepe
770 2301 980 2366 instruxisset
1010 2301 1121 2382 aciem,

106 2391 203 2456 hoste
236 2391 292 2474 qui
324 2389 472 2474 inparem
500 2411 534 2454 se
562 2389 688 2454 duobus
715 2389 867 2456 credebat
897 2411 1041 2475 pugnam
1068 2389 1121 2454 de·

105 2481 284 2562 tractante,
308 2478 449 2564 quodam
472 2477 585 2544 deinde
607 2482 752 2562 tempore
774 2475 977 2546 Sertorianos
1001 2478 1121 2544 milites

105 2567 394 2634 animaduertisset
411 2587 531 2652 magno
554 2567 679 2652 impetu
696 2566 885 2650 instinctos,
908 2567 1120 2656 deposcentes

106 2676 251 2741 pugnarn
284 2677 477 2740 umerosque
509 2657 691 2723 exserentes
724 2660 757 2721 et
783 2656 914 2722 lanceas
945 2657 1121 2740 uibrantes,
1140 2675 1173 2724 rt

106 2745 310 2810 existimauit
343 2744 451 2811 ardori
484 2744 661 2810 cedendum
692 2745 728 2809 in
759 2748 907 2829 ternpore
937 2746 1120 2830 recepitque

105 2835 283 2900 exercitum
307 2837 341 2898 et
361 2833 516 2918 Pompeio
540 2833 626 2898 idem
648 2831 787 2899 faciendi
810 2838 924 2900 auctor
947 2833 1017 2898 fuit

174 2923 205 2987 4.
234 2922 422 2988 Postumius
445 2923 559 2987 consul
581 2923 616 2986 in
636 2919 760 3006 Sicilia,
783 2944 857 2988 cunr
880 2926 986 2988 castra
1009 2923 1077 2988 eius
1101 2947 1120 2987 a

106 3011 237 3077 Punicis
269 3011 371 3077 trium
404 3010 530 3076 milium
567 3033 722 3096 passuum
755 3013 862 3096 spatio
896 3011 1056 3077 distarent
1087 3017 1120 3074 et

180 3209 194 3256 1
214 3203 333 3275 gesserit
352 3200 602 3328 Hapjaduersariis
620 3202 665 3256 H¹
689 3204 694 3270 Ι
718 3207 735 3256 2
754 3203 789 3256 de
808 3217 858 3258 om.
873 3201 918 3256 Ηι
943 3203 948 3270 Ι
973 3208 989 3256 3
1008 3202 1071 3273 pro]
1091 3201 1120 3256 in

106 3274 142 3329 Η
153 3277 158 3342 Ι
183 3273 394 3330 thabemusH
422 3289 518 3339 ,cora
533 3274 572 3343 dl
597 3272 683 3328 teliu
704 3271 777 3328 endo
791 3271 860 3342 H¹l
885 3272 1052 3342 relegendo
1066 3273 1119 3344 ΗΙ

107 3345 187 3414 lP.]
206 3344 260 3400 Pte
278 3345 323 3410 ΡΙ
348 3344 486 3399 Bieiunio
505 3344 569 3414 H¹l
595 3358 663 3398 rane
682 3289 815 3409 dGHP,
833 3358 902 3398 corr.
921 3343 960 3412 dl
985 3342 1121 3412 processit
1154 3346 1156 3350 '

107 3430 138 3471 ee
159 3415 252 3486 011¹}
280 3422 311 3471 11
332 3415 371 3469 ait
389 3414 463 3470 eiH
477 3420 542 3470 ante
559 3415 654 3484 cora!
680 3419 713 3468 12
732 3413 814 3468 duxit
833 3411 964 3479 OGHP,
987 3430 1055 3469 corr.
1075 3414 1118 3484 dl

108 3486 235 3542 wintra
255 3485 282 3542 G
303 3485 432 3555 inHPl
455 3491 488 3541 18
506 3484 606 3542 faciles
621 3485 702 3552 GH!
727 3482 930 3539 recentioribus
950 3483 995 3553 01
1020 3489 1054 3539 at
1074 3500 1119 3538 ex·

107 3559 231 3613 serentes
250 3559 269 3614 d
291 3557 453 3614 exercentes
474 3555 540 3610 GH
543 3556 571 3610 P
589 3559 593 3624 Ι
621 3554 758 3610 uibrantia
774 3554 800 3609 G
