2616 4048
205 193 271 248 XVI
605 190 818 246 PRAEFATIO.

204 356 368 440 glossema
401 359 451 420 est
479 353 536 427 (==
561 349 793 437 sexcentosl:
827 353 856 416 D
885 352 971 435 apud
998 352 1092 418 Eutr.
1115 352 1149 430 6,
1170 353 1221 418 20.
1284 345 1285 404 l

202 443 294 509 Oros.
318 444 352 525 6,
373 443 429 525 15,
448 444 501 507 23.
527 477 563 488 -
595 465 625 526 p.
645 441 773 523 63,25]
798 441 837 505 in
859 441 1059 506 radicibus
1082 440 1220 505 Wachs-
1284 501 1285 528 ,

1284 419 1285 468 l

202 533 303 596 mutb.
326 568 362 577 -
389 555 419 615 p.
439 532 491 614 66,
505 532 539 612 8]
565 531 711 615 exempla
732 531 762 608 2,
777 529 807 613 5,
821 531 863 595 31
879 533 912 594 et
926 531 970 595 34
994 530 1099 595 aliena
1121 532 1219 613 putat
1284 539 1285 630 ]

202 620 430 685 Wacbsmutb.
453 655 497 667 -
522 642 552 703 p.
573 619 695 700 72,12]
720 620 988 703 praelassatos
1012 639 1071 702 pro
1095 619 1219 683 lasea·

202 716 264 773 tos
279 713 386 773 ortum
400 709 530 774 uidetur
544 709 683 792 repetita
696 707 938 791 praepositione
951 729 990 771 ex
1004 707 1112 791 priore
1126 728 1221 790 uoce,

200 798 242 862 cf.
261 820 291 880 p,
305 798 358 881 39,
370 798 399 862 3.
425 798 476 880 79,
491 798 542 861 21.
562 833 604 843 -
628 821 659 881 p.
674 798 726 879 74,
735 798 770 878 3]
796 797 977 879 exemplum
992 797 1021 879 2,
1037 797 1067 877 6,
1083 795 1126 861 10
1145 796 1222 860 alie-

202 908 281 952 num
312 890 408 969 putat
431 885 658 950 Wacbsmuth.
685 921 730 932 -
756 907 788 968 p.
812 885 867 966 86,
883 885 918 966 5]
947 889 1115 949 moratos
1142 885 1220 948 scri·

202 974 344 1040 bendum
367 978 454 1039 recte
478 978 589 1039 monet
611 973 838 1038 Wacbsmutb.
861 1009 905 1020 -
933 997 963 1058 p.
989 973 1137 1057 127,16]
1163 995 1222 1037 ar-

204 1086 350 1128 morum
371 1063 453 1128 coni.
467 1062 696 1145 Wachsmutb3
719 1062 757 1126 cf.
773 1061 904 1144 Belocb,
923 1063 974 1126 die
989 1061 1222 1145 Bevbllrerung

204 1153 260 1217 der
284 1152 403 1237 griech.
428 1153 493 1216 und
516 1158 596 1218 rbm.
621 1151 711 1215 Welt
736 1149 766 1214 S.
786 1151 851 1216 548
878 1151 971 1215 Anm.
991 1151 1022 1215 2.

271 1241 538 1326 113333333333,
576 1262 656 1323 quas
693 1239 821 1306 Medius
855 1239 984 1320 [Mod.],
1023 1237 1221 1303 stewechius

206 1327 324 1410 [8133]
331 1379 338 1411 ,
362 1329 540 1394 Tennuliue
557 1329 697 1413 [chn.],
723 1327 934 1392 Gasaubonus
951 1325 1127 1410 [Oasaua]‚
1151 1324 1222 1390 Sal·

204 1418 327 1481 masius
357 1415 499 1499 [Sclm.],
529 1415 711 1480 Gronovius
741 1415 883 1498 [Gron.],
911 1413 1090 1480 Scriuerius
1120 1414 1222 1497 [Scr.],

203 1505 363 1571 Buherius
384 1505 510 1588 [Bcb.],
535 1503 782 1588 Oudendorpius
802 1503 918 1586 [Oad.],
942 1505 998 1568 alii
1022 1505 1222 1587 excogitaue-

204 1599 288 1672 runt,
307 1616 420 1660 omnes
440 1594 587 1657 laudatas
605 1593 750 1656 inuenies
769 1592 803 1656 in
823 1592 927 1657 altera
941 1594 1081 1658 editione
1095 1591 1221 1657 Ouden-

205 1683 363 1767 dorpiana
392 1681 507 1767 (bugd.
532 1681 602 1745 Bat.
629 1678 737 1764 1779).
780 1679 852 1745 Hoc
880 1682 994 1746 deinde
1028 1681 1155 1746 saeculo
1189 1681 1222 1744 in

204 1771 413 1836 emendandis
438 1774 693 1855 stratagematon
716 1770 809 1834 libris
832 1771 955 1834 uersati
980 1773 1055 1834 sunt
1073 1767 1222 1834 Andreas

207 1860 369 1925 Dedericb
397 1859 503 1940 [Dea]
533 1858 581 1944 (in
605 1858 679 1924 edit.
705 1857 821 1942 1855),
851 1856 981 1924 Curtius
1006 1857 1223 1922 Wachsmutb

206 1948 337 2032 (Rbein.
356 1947 439 2012 Mus.
457 1946 518 2012 XV
543 1945 660 2032 (1860)
684 1969 714 2030 p.
735 1946 800 2011 574
815 1945 890 2032 33),
913 1947 1057 2012 Eussner
1081 1944 1222 2030 (alatur

203 2039 225 2101 f.
241 2037 269 2101 d.
285 2037 374 2118 bayr.
389 2035 506 2118 Gymn.
519 2035 585 2100 VII
599 2034 612 2115 (
617 2035 717 2120 1871)
740 2058 770 2118 p.
786 2036 830 2100 84
840 2058 886 2120 sq.
910 2040 943 2100 et
966 2035 1123 2118 Philolog.
1139 2035 1220 2098 Ana.

204 2124 284 2190 XIII
302 2123 419 2210 (1883)
438 2149 469 2209 p.
488 2122 582 2210 380),
605 2124 776 2188 Eduardus
802 2124 973 2188 Woelfflin
996 2122 1148 2208 (Hermes
1170 2123 1219 2188 IX

207 2211 323 2299 (1872)
355 2238 386 2299 p.
411 2215 453 2278 72
478 2210 553 2298 33),
591 2213 810 2277 Zecbmeister
846 2210 993 2298 (Wiener
1026 2211 1160 2277 Studien
1190 2212 1220 2276 V

206 2301 309 2388 (1883
339 2326 369 2387 p.
384 2303 450 2367 224
458 2301 528 2387 sq.),
544 2301 724 2367 Gulielmus
739 2300 854 2365 Hartel
869 2299 1016 2386 (Wiener
1031 2299 1164 2366 Studien
1174 2299 1222 2366 VI

205 2391 308 2474 (1884
351 2415 382 2476 p.
406 2392 448 2456 98
464 2389 534 2474 so).
581 2391 785 2455 Addiderunt
822 2389 959 2473 denique
997 2412 1056 2454 sua
1089 2387 1222 2454 Gurtius

206 2479 425 2544 Wacbsmutb
449 2481 482 2545 et
501 2478 661 2564 Georgius
676 2478 776 2543 Goetz
795 2479 829 2542 in
848 2478 1047 2563 corrigendis
1070 2477 1223 2562 plagulis,

206 2569 294 2632 cuius
310 2569 431 2632 laboris
446 2567 752 2632 beneuolentissime
767 2566 940 2650 participes
955 2588 1025 2631 3333
1039 2567 1221 2632 uoluerunt.

272 2655 492 2740 Conspectum
513 2657 672 2739 locorum,
700 2655 816 2738 quibus
845 2655 957 2719 eadem
986 2659 1221 2741 strategemata

205 2745 392 2826 traduntur,
417 2745 541 2809 adicere
565 2766 639 2807 cum
661 2743 749 2807 baud
776 2745 817 2808 ab
841 2765 876 2808 re
899 2744 968 2809 fore
990 2744 1221 2821 existimarem,

207 2833 316 2898 omnia
349 2855 430 2917 quae
464 2836 618 2916 congesta
649 2831 685 2896 in
716 2832 856 2897 editione
886 2832 1155 2917 Oudendorpiana
1188 2835 1220 2896 et

208 2921 482 3006 Wiegmanniana
511 2919 703 3006 (Gottingae
733 2919 834 3007 1798)
864 2925 995 2986 exstant
1027 2921 1145 3006 collegi
1179 2927 1224 3003 et,

208 3016 366 3094 quantum
396 3010 530 3094 licebat,
567 3011 657 3095 auxi,
689 3010 808 3074 additis
841 3010 941 3075 etiam
975 3033 1056 3093 quae
1089 3006 1220 3074 Curtius
1284 3031 1285 3068 l

208 3098 435 3182 Wacbsmutb,
449 3121 513 3182 qua
527 3104 577 3163 est
594 3098 799 3183 liberalitate,
817 3120 944 3163 mecum
959 3097 1221 3163 communicauit.
1284 3087 1285 3139 l

275 3219 464 3288 Scribebam
487 3222 599 3288 lenae
623 3245 734 3287 mense
757 3222 930 3287 Decembri
952 3223 1047 3290 1887.

841 3373 880 3430 G.
901 3375 1159 3432 Gnndermann.
1284 3373 1285 3422 l
