2452 3952
428 162 538 219 LIBER
556 163 591 220 11.
618 163 695 221 CAP.
715 171 740 220 3.
1050 167 1093 230 49

76 327 258 396 eerremine
290 325 414 392 diduxit
445 326 576 392 ordines
608 326 686 411 (et)
719 351 739 393 a
771 328 929 395 lateribus
962 329 1096 394 circum-

78 421 197 484 uentos
221 437 277 482 eos
298 414 392 481 fudit.

148 506 201 571 13.
214 503 354 571 Gastron
367 502 652 589 Lacedaemonius,
666 525 739 569 eum
754 505 817 587 [in]
833 506 956 571 auxilio
966 507 1096 592 Aegyp·

78 594 135 660 tiis
158 593 313 659 aduersus
331 592 448 658 Persas
471 592 616 658 uenisset
639 598 672 658 et
694 594 804 678 sciret,
829 594 1006 661 firmiorem
1025 617 1095 660 esse
1149 630 1152 637 .

81 682 243 749 Graecum
270 681 409 747 militem
435 682 604 766 magisque
627 703 647 746 a
670 682 777 748 Persis
803 683 926 769 timeri,
953 699 1131 749 commu-5
1194 699 1219 724 ἢ

80 773 161 837 tatis
184 770 285 839 armis
304 768 446 836 Graecos
469 769 504 834 in
526 770 633 854 prime
656 771 767 854 posuit
789 772 858 837 acie
881 777 929 855 et,
952 794 1025 839 cum
1048 772 1096 837 illi
1143 766 1145 771 ⁴
1206 818 1211 831 .

79 881 183 944 aequo
196 857 304 925 Marte
322 863 516 944 pugnarent,
535 858 687 924 submisit
700 859 938 945 Aegyptiorum
952 882 1096 926 manum:
1148 904 1151 923 ,.

77 949 198 1014 Persae
221 969 295 1012 eum
320 947 465 1028 Graecis,
488 968 569 1032 quos
587 947 770 1032 Aegyptios
795 949 1026 1034 opinabantur,
1049 970 1098 1014 re·
1141 942 1152 1015 l.

77 1038 259 1120 stitissent,
287 1036 536 1120 superueniente
564 1037 786 1122 multitudine,
813 1058 911 1123 quam
939 1041 976 1102 ut
998 1036 1097 1102 Grae·
1147 1022 1152 1064 ⁴

78 1147 193 1193 corum
216 1128 431 1210 expauerant,
454 1128 630 1190 cesserunt.
1120 1142 1151 1191 ιο

150 1215 202 1280 14.
231 1211 289 1279 Ora
311 1211 486 1296 Pompeius
509 1214 545 1278 in
567 1212 725 1296 Albania,
752 1214 829 1297 quia
852 1213 963 1279 hostes
988 1218 1020 1278 et
1041 1236 1099 1278 nu·
1163 1250 1166 1265 ι

80 1324 172 1368 mero
196 1306 230 1367 et
249 1302 397 1387 equitatu
419 1301 666 1386 praeualebent,
688 1302 780 1367 iuxta
802 1302 919 1367 collem
941 1303 976 1366 in
1000 1323 1098 1405 angu3

81 1391 156 1457 stiis
187 1394 358 1477 protegere
390 1391 516 1475 galeas,
551 1411 592 1455 ne
627 1389 757 1476 fulgore
790 1413 901 1456 earum
933 1391 1099 1477 conspicor
1171 1450 1173 1455 .

1203 735 1219 785 Γ

83 1480 214 1563 fierent,
246 1479 342 1544 iussit
372 1479 555 1565 <pedites>,
587 1479 711 1563 equites
744 1479 859 1545 deinde
892 1480 928 1544 in
961 1502 1098 1565 aequum
1209 1525 1219 1551 c

81 1568 256 1654 procedere
276 1590 313 1634 ao
332 1568 423 1633 uelut
441 1567 653 1653 praetendere
672 1568 849 1653 peditibus,
871 1569 1099 1654 praecepitque
1120 1583 1152 1633 15

80 1658 142 1743 eis,
176 1661 214 1723 nt
241 1656 283 1724 ad
308 1657 450 1741 primum
477 1658 637 1742 impetum
668 1657 814 1723 hostium
843 1657 1029 1742 refugerent
1059 1661 1101 1740 et,

80 1746 183 1812 simul
206 1746 248 1811 ad
271 1745 398 1830 pedites
422 1748 556 1810 uentum
580 1749 680 1831 esset,
706 1747 740 1810 in
762 1747 866 1811 latere
889 1745 1101 1811 discederent:
1175 1774 1187 1829 χ

81 1835 170 1920 quod
188 1833 246 1900 ubi
267 1834 455 1919 explicitum
474 1838 533 1917 est,
551 1833 715 1919 patefacto
735 1835 807 1900 loeo
828 1834 936 1900 subite
954 1834 1101 1920 peditum
1183 1838 1185 1843 ’

82 1923 286 1989 consurrexit
308 1925 393 1987 acies
416 1923 625 2007 inuectoeque
647 1926 767 1989 temere
794 1923 907 1989 hostes
930 1924 1101 2008 inopinato

80 2011 244 2077 interfuso
267 2011 390 2094 proelio
415 2011 540 2078 cecidit.
1120 2027 1154 2075 20

153 2101 204 2166 15.
227 2099 270 2164 M.
286 2099 451 2166 Antonius
471 2100 625 2166 aduersus
639 2099 791 2181 Parthos,
810 2101 866 2184 qui
879 2100 1009 2164 infinita
1023 2101 1101 2164 mul·

81 2188 223 2254 titudine
238 2189 433 2273 sagittarum
450 2190 626 2254 exercitum
645 2189 713 2253 eius
728 2188 920 2271 obruebant,
934 2188 1102 2254 subsidere
1201 2191 1204 2195 ’

81 2299 161 2343 suos
190 2281 224 2342 et
245 2277 443 2343 testudinem
469 2278 577 2342 faeere
605 2277 715 2341 iussit:
744 2299 843 2360 supra
870 2298 968 2361 quam
994 2279 1102 2340 trans·

82 2366 194 2432 missis
219 2366 351 2451 sagittis
371 2368 440 2432 sine
459 2367 601 2432 militum
618 2386 705 2431 noxa
723 2363 900 2429 exhaustus
920 2368 971 2428 est
988 2363 1103 2429 hostis.

153 2454 206 2520 16.
234 2453 403 2521 Hannibal
432 2455 587 2521 aduersus
611 2452 795 2538 Scipionem
816 2453 852 2518 in
874 2452 1001 2536 Africa,
1030 2473 1104 2517 oum
1122 2467 1156 2516 ee

82 2542 224 2609 haberet
251 2544 430 2610 exereitum
452 2566 492 2608 ex
514 2541 633 2608 Poenis
657 2547 690 2606 et
713 2542 939 2625 auxiliaribus,
968 2563 1104 2626 quorum

84 2654 164 2717 pars
191 2653 259 2697 non
287 2633 394 2698 solum
422 2654 462 2697 ex
489 2632 625 2697 diuersis
653 2630 815 2716 partibus,
848 2631 904 2697 sed
937 2631 1036 2696 etiam
1065 2652 1104 2695 ex

83 2721 209 2786 Italicis
229 2722 411 2802 constabat,
428 2725 505 2806 post
523 2720 715 2806 elephantos
730 2718 859 2804 LXXX,
873 2720 929 2805 qui
948 2720 982 2784 in
999 2720 1105 2804 prima

84 2809 196 2875 fronte
219 2810 320 2893 positi
344 2810 488 2875 hostium
508 2809 680 2875 turbarent
697 2809 814 2891 aciem,
838 2808 1011 2873 auxiliares
1031 2807 1105 2872 Gal·

161 2973 174 3021 1
195 2965 313 3023 deduxit
331 2966 367 3021 H
387 2968 392 3035 Ι
418 2968 447 3020 et
464 2967 529 3022 add.
547 2968 567 3021 d
591 2968 595 3032 1
624 2971 641 3020 3
661 2964 824 3020 Castronius
844 2963 945 3030 O'HP,
968 2980 1038 3018 corr.
1055 2962 1105 3019 Oa-

84 3037 165 3095 oaub.
180 3054 214 3093 ec
225 3038 446 3109 Polyacn.2,16
463 3040 466 3101 Ι
482 3036 513 3092 in
528 3038 579 3092 dei.
591 3036 676 3091 Tcrm.
695 3036 726 3089 in
744 3034 880 3090 auxilium
898 3035 956 3090 edd.
974 3035 979 3102 Ι
995 3038 1011 3087 6
1030 3050 1048 3088 a
1062 3035 1092 3088 Ρ.

84 3124 185 3180 persas
203 3108 239 3163 H
252 3109 267 3233 p
283 3114 300 3164 8
319 3109 349 3163 ct
367 3125 430 3163 eum
444 3107 480 3162 H
496 3111 501 3174 Ι
526 3112 543 3163 9
562 3107 805 3177 superuenientem
822 3103 1034 3160 multitudinem
1048 3104 1083 3159 H

88 3185 121 3235 11
142 3179 172 3235 et
189 3196 218 3233 n.
237 3179 278 3251 e]
297 3179 442 3235 innumero
461 3179 480 3233 d
500 3183 504 3244 Ι
529 3181 559 3234 et
576 3177 703 3247 peditum
720 3193 836 3232 numero
855 3176 957 3231 Heme
976 3178 981 3244 Ι
1007 3181 1041 3230 14
1059 3191 1106 3245 pe-

85 3250 161 3306 dites
176 3251 266 3320 suppl.
284 3250 372 3306 Ocu.-
389 3251 424 3317 cf.
434 3266 465 3319 p.
480 3252 589 3317 47,22;
607 3265 646 3304 ore
662 3249 720 3316 fuit
736 3248 767 3302 in
785 3247 923 3317 angustiis
941 3244 1107 3320 (subsidere

85 3320 200 3393 pedites
214 3323 245 3377 et
257 3319 368 3395 scutis>
381 3325 529 3404 protegere
545 3351 578 3360 —
592 3320 688 3387 iussit,
703 3318 811 3388 equites
825 3319 883 3374 coil.
894 3317 981 3373 Dion.
991 3318 1086 3384 37,ss
1102 3318 1106 3388 1

88 3397 123 3449 15
142 3393 261 3462 preston
276 3392 320 3447 Ηι
336 3394 340 3462 Ι
358 3399 391 3448 18
406 3390 570 3462 erphoitum
585 3392 643 3446 edd.
663 3389 838 3459 displicitnm
847 3389 882 3444 H
884 3390 912 3444 P
925 3391 930 3459 Ι
945 3394 980 3443 24
994 3391 1108 3443 exustus

87 3463 124 3519 H
145 3466 152 3546 Ι
176 3469 211 3518 27
225 3462 368 3545 partibus]
387 3463 499 3533 populis
517 3463 603 3518 Ded„-
622 3478 660 3516 osc
677 3459 838 3531 gentibus?
857 3461 893 3528 cs.
907 3461 973 3515 Isiu.
988 3463 1034 3527 30,
1049 3463 1086 3516 35
1102 3458 1105 3530 l

87 3539 124 3590 28
142 3533 250 3589 rtalicrs
271 3535 323 3601 (eis
341 3536 373 3590 in
391 3551 447 3590 roe.
461 3535 492 3601 b)
507 3534 543 3588 H

143 3634 285 3676 Fsorrnrna
300 3634 336 3674 ed.
350 3632 518 3674 Gundermann-
939 3625 960 3670 b
974 3631 976 3636 '
