2452 3952
132 157 176 223 26
335 157 414 213 IULI
431 154 608 212 FRONTINI
626 153 952 211 smnunsunnuou

132 323 255 386 terunt:
282 319 412 385 relictos
437 317 597 384 Samnites
623 317 796 403 Gallosque
819 318 939 383 Fabius
964 321 997 384 et
1020 321 1151 407 collega

132 409 252 475 Decius
277 408 425 493 adgressi
447 409 603 472 uicerunt.

198 498 230 562 4.
257 497 310 564 Μ’.
334 495 451 562 Curius
476 497 632 561 aduersus
656 493 808 579 Sabinou,
831 496 887 580 qui
910 495 1036 580 ingenti
1059 518 1150 562 exer-

132 587 199 652 citu
231 587 414 670 conscripto
446 586 569 650 relictis
599 585 719 649 finibus
751 584 818 649 suis
850 588 981 650 nostros
1015 606 1151 670 occupa·

97 678 262 758 onerant,
292 674 428 740 occultis
456 675 628 739 itineribus
656 696 789 739 manum
816 674 918 757 misit,
947 695 1030 757 quae
1059 673 1150 740 deso·

133 764 218 829 latos
248 784 343 848 agros
373 785 485 829 eorum
507 764 661 848 uicosque
688 784 748 847 per
771 762 901 827 diuersa
922 762 1149 829 incenderunt:

133 851 246 918 Sabini
260 852 301 917 ad
316 852 488 917 arcendam
503 852 713 917 domesticam
728 850 920 916 uastitatem
931 856 1150 938 recesserunt3

132 938 231 1006 durio
260 941 399 1026 contigit
426 946 460 1006 et
487 962 608 1006 uacuos
640 940 796 1005 infestare
829 939 974 1006 hostium
1005 939 1092 1006 fines
1116 945 1151 1007 et

131 1033 307 1095 exercitum
340 1031 408 1105 sine
438 1028 563 1114 proelio
592 1033 738 1094 auertere
766 1049 978 1112 sparsumque
1007 1029 1150 1096 caedere.

81 1137 114 1186 ιο
199 1119 228 1184 5.
261 1119 297 1183 Τ.
321 1117 450 1198 Didius,
479 1119 641 1202 paucitate
665 1139 798 1182 suorum
821 1117 983 1202 diffidens,
1011 1139 1085 1182 oum
1113 1118 1148 1184 in

132 1207 308 1273 aduentum
329 1229 440 1272 earum
463 1208 637 1291 legionum,
660 1228 740 1291 quas
760 1207 979 1290 exspectabat,
1001 1206 1149 1274 traheret

130 1296 254 1360 bellurn
278 1301 311 1361 et
334 1317 501 1361 occurrere
525 1297 570 1360 eis
594 1295 722 1361 hostem
746 1296 970 1379 comperisset,
996 1296 1148 1360 contione

131 1384 291 1449 aduocata
319 1385 425 1468 aptari
453 1384 550 1448 iussit
578 1383 700 1447 milites
731 1383 772 1448 ad
798 1404 942 1468 pugnam
970 1404 1007 1448 ac
1037 1383 1077 1448 de
1099 1383 1150 1449 in·

131 1472 257 1537 dustria
293 1473 518 1558 neglegentius
555 1471 709 1536 custodiri
750 1473 905 1555 captiuos.
954 1492 992 1536 ex
1030 1473 1148 1557 quibus

79 1577 112 1628 ro
130 1562 239 1646 pauci,
276 1562 331 1646 qui
368 1560 595 1645 profugerant,
631 1561 866 1625 nuntiauerunt
902 1560 968 1626 suis
1001 1581 1148 1647 pugnarn

130 1651 302 1715 inminere:
336 1653 368 1714 et
386 1649 447 1734 illi,
469 1670 510 1713 ne
529 1648 612 1731 su<b
628 1648 890 1733 ex>spectatione
913 1649 1031 1734 proelii
1055 1650 1149 1716 didu-

114 1743 241 1804 cerent
268 1739 364 1821 uiris,
392 1738 572 1803 omiserunt
595 1759 761 1802 occurrere
783 1739 845 1822 eis,
876 1738 991 1822 quibus
1015 1739 1149 1805 insidia·

131 1828 264 1893 bantur:
287 1828 433 1911 legiones
457 1827 620 1891 tutissime
643 1826 734 1891 nullo
755 1827 934 1909 excipiente
954 1826 995 1890 ad
1013 1826 1150 1894 Didium

131 1920 358 2000 peruenerunt.
1027 1968 1032 1976 .

75 2021 111 2071 ao
199 2006 228 2071 6.
252 2003 343 2070 Bello
367 2004 489 2069 Punico
513 2003 672 2088 quaedam
696 2004 858 2087 ciuitates,
881 2022 965 2087 quae
988 2002 1150 2083 aRoma·

130 2096 182 2160 nis
216 2093 350 2158 deficere
383 2092 423 2158 ad
454 2091 580 2157 Poenos
613 2092 873 2176 destinauerant,
910 2113 983 2156 cunr
1016 2092 1148 2160 obsides

131 2183 307 2267 dedissent,
331 2203 412 2266 quos
435 2182 578 2266 recipere
602 2185 776 2266 antequam
800 2180 1016 2246 desciscerent
1039 2182 1149 2247 stude·

129 2274 224 2355 bant,
253 2271 489 2336 simulauerunt
517 2270 708 2337 seditionem
735 2270 822 2334 inter
848 2269 1004 2335 finitimos
1031 2273 1148 2356 ortam,

131 2383 228 2447 quam
255 2360 477 2424 Romanorum
504 2360 605 2443 legati
633 2358 784 2424 dirimere
813 2357 981 2442 deberent,
1014 2359 1148 2425 missos-

75 2464 111 2514 ao
130 2473 191 2536 que
216 2470 271 2514 eos
295 2449 386 2512 uelut
408 2449 572 2514 contraria
598 2449 738 2532 pignora
760 2447 964 2512 retinuerunt
985 2468 1046 2512 neo
1070 2453 1148 2514 ante

128 2537 352 2620 reddiderunt,
375 2558 472 2621 quam
496 2536 560 2621 ipsi
582 2537 801 2620 reciperarent
824 2557 910 2602 suos.

197 2627 225 2690 7.
254 2623 370 2709 Legati
389 2624 625 2709 Romanorum,
644 2646 718 2689 oum
736 2624 874 2708 mis<si>
894 2628 1002 2689 essent
1021 2624 1062 2689 ad
1078 2623 1148 2690 An·

130 2714 276 2780 tiochum
308 2733 432 2798 regem,
469 2713 525 2797 qui
558 2733 666 2779 secum
696 2713 917 2778 Hannibalem
949 2712 1045 2778 uictis
1078 2715 1147 2780 iam

200 2886 272 2943 ΒΜ.
283 2886 354 2955 ΗΡ,
373 2903 421 2943 em.
434 2886 494 2942 Ser.
511 2887 516 2958 Ι
532 2894 548 2943 6
567 2888 694 2944 incendit
710 2888 749 2943 P:
768 2905 807 2942 cu
824 2887 1006 2942 incenderent
1023 2886 1059 2952 91
1079 2891 1097 2942 8
1117 2890 1148 2943 et

129 2976 179 3014 om.
189 2959 225 3013 Η
238 2961 242 3028 Ι
264 2963 298 3012 10
315 2956 507 3027 paucitatidl
527 2960 740 3015 inadinnentum
754 2959 790 3014 H
802 2962 806 3026 Ι
829 2963 861 3012 16
875 2957 1061 3027 profugerunt
1075 2959 1147 3027 ΗΡ,

128 3029 285 3087 arraona.
307 3030 311 3096 Ι
338 3035 370 3083 16
390 3031 420 3084 et
437 3045 487 3085 uos
506 3033 537 3085 at
553 3032 589 3085 H
591 3031 620 3085 P
638 3033 643 3100 Ι
667 3030 719 3086 sub
738 3028 946 3099 exspectatione
965 3029 1067 3085 Hartel
1085 3031 1146 3087 coll.

130 3102 308 3168 Colum.1,1
337 3101 546 3170 suspectatione
565 3101 600 3156 H
603 3100 632 3154 P
658 3099 836 3170 suspectione
855 3101 874 3154 d
906 3100 1065 3169 suspicione
1084 3103 1145 3158 edd.

129 3171 339 3242 exspectatione
348 3170 418 3227 Oud.
436 3174 440 3242 l
458 3171 584 3242 proeliid
601 3170 717 3242 proeliis
727 3170 809 3239 ΗΡΙ
826 3172 856 3225 at
865 3168 910 3224 illi
918 3170 990 3225 nihil
1000 3171 1146 3241 suspicati,

128 3259 163 3298 ne
177 3242 291 3313 proeliis
306 3247 388 3298 autea
401 3249 597 3313 temptauerom
613 3247 617 3308 Ι
633 3241 803 3297 deducerent
816 3241 852 3295 H
853 3242 887 3309 P,
906 3243 984 3298 cnud
999 3245 1003 3311 Ι
1021 3247 1054 3297 1‘1
1069 3244 1145 3300 uires

128 3314 178 3384 ΡΙ
204 3314 256 3386 eis]
276 3316 305 3368 et
317 3314 354 3369 H
375 3317 379 3382 Ι
404 3313 590 3370 insidiabatur
604 3312 649 3367 H¹
673 3313 677 3381 Ι
702 3317 738 3366 20
756 3314 906 3382 esemplum
924 3314 1046 3368 alienam
1061 3320 1147 3383 putat

133 3385 323 3441 Wochsmutt:
346 3387 381 3454 of.
399 3385 487 3454 praef.
507 3383 528 3456 ἕ
544 3388 562 3438 9
590 3385 596 3455 1
624 3389 658 3438 21
677 3382 890 3438 destinauerunt
908 3384 943 3439 H
947 3383 986 3450 P,
1005 3401 1075 3441 corr.
1094 3387 1115 3441 d
1138 3386 1142 3458 l

128 3456 259 3513 obsident
277 3456 322 3511 H²
342 3458 347 3524 Ι
371 3462 406 3511 23
425 3455 609 3510 circulauerat
626 3453 662 3507 H
663 3454 672 3486 ¹
695 3453 897 3510 simulauerant
914 3456 952 3524 tl
975 3460 1010 3510 26
1029 3471 1146 3527 recupe-

127 3531 222 3584 rarent
240 3528 269 3582 P
290 3530 295 3596 Ι
320 3533 353 3581 27
373 3526 451 3580 missi
469 3527 563 3580 essent
581 3525 600 3580 d
626 3525 715 3581 issent
732 3525 768 3580 H
791 3526 935 3581 misissent
952 3525 980 3580 P
