2642 4046
513 939 612 1013 uim
640 937 876 1012 uuouunu

338 1131 1056 1236 STRATEGEMATON

483 1371 487 1378 ·
532 1350 655 1410 LIBER
678 1347 858 1410 TERTIUS.
1302 1391 1310 1450 4

221 1599 225 1606 .
258 1539 293 1607 Si
320 1541 446 1624 priores
474 1538 551 1603 libri
573 1538 811 1624 responderunt
833 1538 939 1604 titulis
963 1537 1029 1602 suis
1053 1540 1086 1601 et
1107 1536 1212 1604 lecto-

154 1649 170 1700 s
190 1651 260 1696 rem
279 1629 445 1710 hucusque
463 1648 537 1692 cum
556 1627 735 1693 attentione
752 1626 987 1712 perduxerim,
1010 1625 1103 1691 edam
1121 1647 1215 1693 nuno

190 1719 277 1786 circa
301 1716 562 1803 oppugnationes
590 1715 721 1781 urbium
745 1715 1014 1800 defensionesque
1033 1719 1211 1796 (τρατηγή-

189 1827 282 1888 ματα.
309 1827 368 1872 nec
387 1804 538 1870 morabor
556 1805 626 1870 ulla
644 1805 897 1889 praelocutione,
915 1804 1004 1888 prius
1026 1803 1210 1869 traditurus

189 1917 272 1984 quae
300 1894 525 1981 oppugnandis
552 1893 687 1959 urbibus
715 1893 790 1960 usui
818 1896 906 1978 sunt,
938 1897 1009 1960 tum
1039 1913 1122 1978 quae
1151 1893 1211 1958 ob·

190 2006 298 2051 sessos
321 1986 481 2050 instruere
504 1983 640 2067 possint.

138 2093 173 2143 10
257 2072 426 2157 Depositis
455 2076 565 2137 autem
591 2070 744 2156 operibus
768 2073 801 2136 et
822 2070 1107 2155 machinamentis,
1131 2091 1211 2154 quo-

190 2185 263 2230 rum
283 2163 413 2246 expleta
430 2161 497 2226 iam
515 2160 640 2246 pridem
658 2159 847 2224 inuentione
865 2159 992 2225 nullam
1011 2158 1106 2225 uideo
1122 2160 1211 2225 ultra

191 2252 311 2319 artium
343 2250 531 2334 materiam,
566 2249 627 2314 has
661 2249 746 2315 circa
778 2247 1051 2333 expugnationem
1084 2248 1210 2332 speeies

190 2340 459 2422 (τρατηγημάτων
482 2338 632 2403 fecimus:

329 2428 355 2494 Ι.
378 2429 428 2494 De
450 2427 619 2511 repentino
642 2426 775 2510 impetu.

55 2529 59 2537 '
138 2535 172 2586 15
313 2516 356 2582 Π.
379 2516 429 2582 De
451 2515 610 2586 fallendis
625 2515 692 2598 his,
715 2515 770 2600 qui
793 2513 1035 2579 obsidebuntur.

297 2603 356 2672 III.
379 2603 429 2670 De
453 2603 620 2669 eliciendis
644 2602 685 2667 ad
707 2602 934 2687 proditionem.

280 2691 356 2758 1111.
379 2691 442 2757 Per
463 2714 545 2776 quae
568 2690 680 2756 hostes
704 2691 744 2755 ad
766 2690 912 2776 inopiam
934 2691 1132 2776 redigantur.

316 2780 356 2846 V.
381 2779 659 2858 Quemadmodum
672 2779 916 2865 persuadeatur,
926 2779 1129 2846 obsidionem
1137 2802 1208 2864 per-

404 2890 598 2934 mansuram.

265 3071 279 3120 1
289 3064 401 3120 titulum
410 3078 460 3118 orn.
471 3061 516 3117 11ι
527 3060 709 3117 PREEATIO
719 3058 929 3116 ERONTONIS
940 3059 1040 3114 LIBRI
1048 3059 1209 3117 TERTIIG

190 3134 280 3190 IULII
289 3132 467 3190 ERONTINI
478 3131 799 3188 STRATEGEMATON
810 3132 868 3200 (aed
881 3129 908 3185 N
917 3147 1050 3202 superate.
1061 3133 1091 3202 b)
1100 3131 1209 3188 LIBER

193 3223 234 3278 .11.
253 3222 393 3279 EXPLIO.
413 3221 551 3277 INCIPIT
570 3220 680 3276 LIBER
698 3218 853 3276 TERTIUS
870 3222 929 3287 (aed
942 3219 983 3273 111
996 3221 1027 3288 b)
1040 3221 1109 3291 ΙιΡΙ
1129 3227 1147 3276 4
1164 3239 1208 3278 re·
1307 3259 1308 3284 1

192 3294 366 3364 spondemnt
383 3296 414 3360 (u
432 3309 466 3348 ec
484 3295 512 3359 e)
532 3293 567 3347 H
582 3292 587 3363 Ι
611 3299 627 3347 5
646 3293 742 3347 edam
764 3292 814 3362 ΡΙ
840 3296 856 3345 6
875 3290 1119 3362 defensionisquae
1138 3292 1182 3348 ff
1202 3293 1206 3366 Λ
1307 3287 1308 3344 l

192 3367 394 3433 strategemata
412 3363 477 3419 ΗΡ
499 3368 504 3432 l
534 3368 551 3418 8
569 3366 629 3419 tum
648 3365 668 3417 d
685 3365 753 3417 tunc
774 3361 839 3417 GH
844 3362 872 3415 P
894 3364 899 3433 Ι
924 3369 940 3418 9
958 3363 1050 3432 poenit
1064 3362 1131 3419 GH
1145 3379 1210 3433 pos·

191 3435 292 3491 suntd
315 3437 319 3505 Ι
350 3441 384 3490 13
403 3436 624 3503 stnetegematon
642 3433 676 3488 H
680 3434 709 3488 P
729 3437 733 3502 l
760 3439 793 3487 14
811 3434 928 3490 indicem
945 3437 1028 3500 (14-
1044 3451 1072 3504 p.
1092 3438 1207 3502 89,18)
1307 3496 1308 3504 ¹

191 3506 298 3576 cml
317 3509 350 3560 lt
368 3504 403 3560 iia
420 3506 466 3574 ΡΙ
488 3504 688 3560 obsidebantur
706 3505 751 3559 11¹
770 3503 933 3560 obsidentur
950 3506 989 3574 d}
1011 3510 1044 3560 16
1064 3504 1208 3574 elegendis
1307 3509 1308 3534 l

190 3578 243 3648 ΗΙ
267 3582 300 3632 18
318 3591 527 3646 per-mensuram
545 3576 590 3631 H¹
