2616 4048
450 197 558 253 LIBER
577 197 610 252 ΙΙ.
640 196 716 252 οΔΡ.
736 204 761 252 2.
1070 196 1114 261 45

97 385 239 449 quorum
261 362 361 427 robur
383 362 418 427 in
440 360 548 445 pedite
572 364 656 444 erat,
679 360 875 444 campestria
897 361 1014 442 teneri,
1037 359 1116 425 Poe·

96 475 158 519 nos
191 452 227 516 in
252 451 351 536 plana
378 448 522 515 deduxit:
554 449 611 514 ubi
642 471 701 533 per
728 448 919 534 elephantos
948 448 1115 532 dissipatis

98 539 269 607 ordinibus
295 539 519 606 Romanorum
552 559 683 622 sparsos
715 538 837 602 milites
869 559 928 622 per
954 537 1115 603 Numidas

97 632 288 715 persecutus
311 650 432 694 eorum
445 627 623 694 exercitum
641 626 738 712 fudit,
760 627 795 692 in
813 626 905 692 illam
923 627 1010 692 diem
1028 630 1116 692 terra

98 718 247 803 marique
269 717 437 784 uictorem.
1135 736 1150 786 5

169 809 220 873 12.
247 806 492 892 Epaminondas
512 804 576 870 dux
596 797 822 869 Thebanorum
846 803 1001 869 aduersus
1019 802 1116 868 Lace·

100 895 290 963 daemonios
314 895 493 961 directurus
517 893 633 976 aciem,
655 911 716 977 pro
734 892 842 958 fronte
861 893 930 958 eius
949 892 1117 958 decurrere

99 985 266 1069 equitibus
285 984 397 1067 iussis,
418 1004 490 1049 cum
507 983 677 1065 ingentem
694 981 862 1065 puluerem
879 980 1024 1046 hostium
1044 1001 1118 1047 ocu·
1211 981 1240 1062 7

99 1073 141 1140 lis
173 1073 349 1138 obiecisset
378 1071 721 1155 exspectationemque
748 1069 906 1153 equestris
934 1069 1119 1135 certaminis
1223 1090 1229 1100 ·

99 1161 356 1246 praetendisset,
379 1158 599 1224 circumducto
623 1157 731 1241 pedite
750 1157 791 1220 ab
811 1178 850 1222 ea
867 1161 975 1242 parte,
998 1179 1037 1222 ex
1056 1178 1119 1240 qua
1140 1180 1153 1228 1

101 1250 257 1316 decursus
279 1249 315 1313 in
334 1268 483 1312 auersam
500 1245 648 1311 hostium
666 1245 768 1310 aciem
786 1245 927 1330 ferebat,
949 1245 1118 1330 inopinan-

102 1337 188 1403 tium
210 1341 305 1423 terga
327 1334 462 1400 adortus
486 1333 612 1400 cecidit.

172 1425 223 1491 13.
244 1423 491 1490 Lacedaemonii
505 1421 586 1490 000
601 1425 715 1489 contra
728 1423 997 1490 innumerabilem
1011 1424 1119 1489 multi·

102 1513 249 1580 tudinem
268 1513 438 1579 Persarum
457 1511 694 1597 Thermopylas
713 1517 961 1598 occupauerunt,
982 1535 1119 1599 quarum

103 1603 273 1688 angustiae
295 1624 362 1668 non
386 1603 526 1688 amplius
550 1623 648 1686 quam
668 1624 780 1687 parem
798 1624 968 1668 numerum
987 1603 1119 1668 commi·
1140 1623 1172 1672 15

101 1713 164 1758 nus
192 1694 415 1777 pugnaturum
446 1694 600 1775 poterant
632 1689 816 1756 admittere:
849 1713 950 1776 eaque
980 1691 1120 1774 ratione,

102 1786 260 1866 quantum
293 1781 335 1846 ad
364 1799 558 1866 congressus
590 1779 792 1862 facultatem,
824 1781 955 1864 aequati
984 1801 1119 1845 numero
1231 1800 1234 1806 ·

101 1869 326 1952 barbarorum,
343 1870 466 1934 uirtute
480 1872 589 1934 autem
607 1871 821 1951 praestantes,
839 1889 994 1954 magnam
1009 1867 1120 1933 eorum

103 1963 233 2044 partem
260 1959 443 2023 ceciderunt
470 1978 529 2021 nec
558 1957 703 2040 superati
730 1956 852 2039 forent,
878 1957 943 2021 nisi
965 1978 1024 2040 per
1045 1978 1121 2040 pro·

103 2046 244 2112 ditorem
268 2045 447 2131 Ephialten
470 2044 681 2110 Trachinium
708 2042 945 2110 circumductus
972 2045 1078 2110 hostis
1102 2065 1174 2114 aro

101 2139 197 2219 tergo
221 2156 277 2199 eos
301 2133 525 2218 oppressisset.
1043 2151 1048 2162 ·

174 2223 226 2287 14.
253 2220 490 2286 Themistocles
518 2219 583 2285 dux
605 2217 870 2302 Atheniensium,
897 2241 970 2285 cum
998 2220 1123 2285 uideret

104 2308 317 2374 utilissimum
349 2307 503 2373 Graeciae
540 2307 696 2372 aduersus
728 2306 973 2372 multitudinem
1004 2307 1122 2373 Xerxis

104 2397 240 2462 nauium
266 2398 302 2462 in
329 2396 491 2481 angustiis
521 2393 696 2461 Salaminis
729 2395 898 2460 decemera
925 2396 1020 2481 idque
1050 2418 1122 2482 per·

105 2486 242 2552 suadere
265 2485 391 2552 ciuibus
414 2507 479 2550 non
502 2488 627 2569 posset,
650 2483 797 2550 sollertia
814 2483 932 2570 effecit,
956 2489 993 2551 ut
1011 2507 1031 2550 a
1049 2486 1122 2552 bar·
1141 2507 1174 2557 aa

104 2574 195 2641 baris
210 2575 252 2640 ad
266 2574 425 2639 utilitates
441 2595 516 2639 suas
531 2571 646 2640 Graeci
660 2573 940 2658 compellerentur.
968 2575 1123 2642 simulata

104 2684 246 2748 namque
269 2663 452 2748 proditione
475 2663 568 2729 misit
586 2662 628 2731 ad
644 2661 787 2742 Xerxen,
808 2663 863 2746 qui
886 2662 1045 2731 indicaret
1067 2688 1122 2750 po·

105 2752 238 2837 pulares
261 2773 338 2818 suos
362 2751 503 2837 defuga
526 2751 672 2836 cogitare
695 2750 977 2838 difficilioremque
1001 2755 1031 2820 ei
1053 2776 1123 2820 rem

105 2841 263 2925 futuram,
292 2841 321 2906 si
345 2841 489 2926 singulas
514 2841 663 2906 ciuitates
687 2840 856 2907 obsidione
880 2841 1124 2928 adgrederetur:
1197 2917 1201 2924 ,

106 2950 171 3012 qua
198 2930 327 2995 ratione
355 2930 475 3014 effecit,
502 2932 541 2994 ut
564 2930 722 2995 exercitus
745 2930 960 2996 barbarorum
981 2932 1122 3015 primum
1142 2950 1175 2998 30

181 3074 196 3123 1
215 3067 301 3124 rubor
318 3067 362 3122 H¹
382 3067 386 3139 Ι
406 3069 543 3139 impedite
561 3068 596 3123 H
618 3068 785 3138 impeditum
803 3069 853 3138 ΡΙ
879 3075 895 3122 2
914 3067 964 3121 nbi
982 3083 1032 3123 ora.
1052 3067 1097 3123 H¹

107 3139 267 3209 elephantie
281 3139 316 3194 H
330 3145 394 3194 onte
412 3155 481 3195 corr.
498 3141 536 3208 14
555 3140 693 3194 exercitus
707 3138 752 3193 Η1
767 3141 771 3206 Ι
787 3139 817 3192 in
835 3138 888 3193 illa
905 3137 951 3192 die
968 3139 987 3193 t
1003 3137 1007 3209 Ι
1025 3143 1058 3192 10
1077 3155 1111 3194 ex

108 3210 302 3276 excursusHl
318 3216 351 3264 11
370 3210 520 3265 aduersam
528 3210 599 3277 HP,
617 3226 686 3266 corr.
698 3209 769 3266 Oad.
787 3212 792 3280 Ι
809 3215 842 3264 13
857 3208 967 3269 dot-H
980 3212 984 3279 Ι
1003 3216 1035 3264 14
1049 3211 1124 3266 ther-

107 3281 258 3350 mophylas
272 3279 308 3335 H
327 3282 333 3349 Ι
359 3285 391 3336 15
409 3283 520 3350 partem
534 3281 569 3335 H
583 3287 647 3336 arete
665 3295 734 3337 corr.
760 3277 764 3352 Ι
791 3286 824 3334 17
839 3295 1004 3350 congressus
1029 3284 1074 3349 (us
1093 3285 1125 3338 e'a

107 3357 178 3417 rae.)
191 3352 227 3407 H
243 3353 248 3419 Ι
273 3356 308 3405 20
327 3349 451 3421 epialten
468 3352 504 3407 H
518 3355 583 3406 uate
600 3367 671 3407 corr.
696 3352 701 3420 1
726 3356 760 3406 22
779 3349 962 3406 Temistocles
980 3352 1066 3420 HPl
1090 3358 1124 3408 23

108 3421 219 3493 gratiae
232 3423 268 3478 H
270 3421 279 3452 ¹
301 3424 306 3482 Ι
330 3427 366 3476 24
384 3421 528 3478 salaminis
541 3422 571 3476 P
592 3421 742 3477 salomanis
756 3420 791 3475 H
811 3419 971 3476 Salaminiis
989 3425 1048 3479 edd.
1065 3427 1070 3491 Ι
1090 3430 1124 3479 25

109 3493 199 3548 efficit
212 3493 256 3548 H¹
272 3495 276 3562 Ι
293 3507 311 3546 a
328 3493 434 3548 om.H¹
453 3493 458 3564 Ι
483 3498 518 3548 26
533 3495 564 3547 at
576 3492 621 3547 H¹
642 3494 647 3562 Ι
671 3497 706 3546 2⁷
720 3507 824 3547 xerxen
836 3493 936 3559 (altera
949 3511 967 3546 x
981 3495 1013 3550 ia
1026 3511 1081 3550 rae.
1096 3496 1126 3563 t)

109 3563 164 3633 ΗΙ
183 3570 218 3620 29
237 3564 261 3618 si
280 3579 330 3620 om.
345 3563 381 3617 H
396 3564 402 3632 l
426 3569 461 3619 30
480 3563 631 3620 barbarum
644 3563 678 3618 H
693 3567 756 3619 arete
774 3579 843 3619 corr.
