2642 4046
454 209 563 266 LIBER
581 213 627 268 IV.
667 210 744 268 CAP.
764 217 789 266 ὅ.
986 293 998 304 ι
1066 209 1126 273 131

184 377 234 442 11.
266 372 300 440 Ο.
324 374 443 440 ansar
465 373 619 440 aduersus
644 373 822 439 Germanos
847 376 881 437 et
902 393 1011 458 regem
1036 372 1130 437 Ario·

114 465 236 529 uistum
264 467 479 548 pugnaturus,
510 461 697 546 confu<sis>
722 459 897 546 suor<um>
925 460 1042 526 animis
1070 482 1131 543 pro

115 552 266 618 contione
293 551 375 617 dixit
405 551 527 617 nullius
560 573 594 617 se
623 572 660 616 eo
689 550 740 616 die
769 572 867 635 opera
894 548 960 615 nisi
988 547 1131 614 decimae

7 668 8 672 ¹
112 640 252 726 legionis
278 662 425 706 usurum:
459 662 522 724 quo
551 640 723 705 adsecutus
751 642 820 723 est,
847 641 883 703 ut
912 641 945 703 et
973 637 1131 703 decimani

113 733 282 816 tamquam
317 729 510 813 praecipuae
542 727 744 794 fortitudinis
771 727 960 792 testimonio
991 726 1165 792 concita-u

112 822 226 883 rentur
254 821 287 883 et
313 818 412 884 ceteri
435 817 573 901 pudore,
602 837 644 880 ne
672 839 771 899 penes
795 815 877 881 alios
901 814 1007 899 gloria
1028 814 1129 880 uirtu-

113 907 156 971 tis
180 909 274 973 esset.

183 995 233 1061 12.
256 993 532 1059 Lacedaemonius
550 993 681 1076 quidam
698 992 826 1075 nobilis,
841 992 993 1076 Philippo
1009 990 1129 1055 denun-

112 1083 217 1147 tiante
236 1083 341 1148 multa
360 1103 394 1146 ae
412 1080 666 1165 prohibiturum,
688 1081 753 1144 nisi
771 1080 888 1144 ciuitas
908 1080 970 1143 sibi
989 1079 1129 1143 tradere·

112 1174 175 1254 tur,
199 1169 311 1254 ‘num',
329 1170 443 1255 inquit,
462 1167 507 1233 ‘et
524 1190 583 1255 pro
601 1167 709 1251 patria
727 1168 887 1233 morinos
905 1165 1128 1251 prohibebit?
1150 1180 1182 1230 ιο

183 1258 234 1325 13.
269 1256 431 1323 Leonidas
445 1255 730 1341 Lacedaemonius,
753 1278 826 1322 cum
849 1255 1031 1321 dicerentur
1053 1255 1128 1320 Per-

114 1369 169 1413 sae
193 1345 390 1433 sagittarum
413 1344 620 1412 multitudiue
643 1345 747 1410 nubes
771 1365 841 1410 esse
864 1344 996 1428 facturi,
1024 1343 1129 1408 fertur

7 1471 8 1482 1
113 1435 245 1500 dixisse:
269 1433 394 1500 ‘melius
417 1434 452 1499 in
477 1434 592 1499 umbra
613 1432 852 1520 pugnabimus?

181 1525 231 1589 14.
262 1520 296 1588 O.
319 1523 431 1588 Aelius
454 1526 586 1607 praetor
608 1523 762 1607 urbanus,
785 1544 858 1587 cum
882 1520 984 1587 eiius
1008 1520 1128 1586 dicenti

110 1613 203 1697 picus
225 1613 260 1676 in
284 1612 389 1695 capite
411 1613 585 1677 insedisset
613 1616 646 1676 et
667 1611 857 1696 haruspices
885 1609 1129 1694 respondissent
1147 1621 1180 1673 15

112 1701 248 1765 dimissa
271 1722 330 1764 sue
358 1699 502 1766 hostium
531 1699 702 1765 uictoriam
725 1698 810 1784 fore,
832 1701 949 1764 necata
971 1700 1128 1783 populum

111 1788 294 1854 Romanum
319 1789 527 1872 superiorem,
552 1791 587 1852 at
610 1786 644 1853 Ο.
658 1787 788 1852 Aelium
812 1809 885 1852 curn
908 1786 1034 1852 familia
1056 1808 1127 1870 per·

111 1877 242 1960 iturum,
264 1897 330 1941 non
354 1876 515 1941 dubitauit
538 1897 652 1940 necare
670 1876 793 1959 picum:
818 1879 913 1960 atque
937 1879 1051 1940 nostro
1075 1897 1127 1941 ex·

113 1965 214 2029 ercitu
237 1963 387 2028 uincente
410 1965 480 2049 ipss
504 1985 576 2028 curn
606 1963 865 2047 quattuordecim
889 1962 990 2028 Aeliis
1014 1984 1053 2027 ex
1076 1984 1126 2027 ea-

111 2052 184 2116 dem
202 2049 327 2116 familia
345 2051 380 2115 in
398 2051 523 2135 proelio
541 2054 592 2116 est
609 2051 742 2118 occisus.
790 2051 890 2132 [huuc
909 2050 1040 2134 quidam
1059 2073 1127 2116 non
1145 2065 1179 2114 20

112 2139 146 2205 O.
161 2138 316 2225 Caelium,
340 2139 395 2204 sed
413 2139 560 2204 Laelium
583 2139 683 2204 fuisse
707 2142 739 2204 et
756 2138 895 2223 Laelios,
917 2160 982 2203 non
998 2137 1126 2205 Caelios

111 2227 235 2312 perisse
258 2227 415 2309 creduut]

180 2316 231 2381 15.
263 2316 298 2380 P.
316 2315 446 2400 Decius,
467 2315 573 2399 primo
592 2319 695 2399 pater,
718 2317 832 2400 postea
850 2314 945 2399 filius,
968 2315 1002 2379 in
1023 2316 1125 2400 magi·

111 2523 145 2562 a
164 2443 207 2562 ιιι
218 2437 374 2562 sudis„
386 2437 739 2575 &dimidii
754 2434 1126 2562 iie3⁰if¹¹d³id¹⁰d¹¹dp⁶3

110 2595 149 2632 un
160 2578 243 2634 rebus
258 2593 306 2633 eos
315 2577 495 2634 ecciderw?
510 2579 612 2632 cuncta
624 2577 801 2632 Wachemcth
816 2579 821 2646 Ι
836 2575 933 2631 multis
948 2592 978 2630 ee
992 2592 1048 2630 non
1061 2594 1125 2646 pro·

108 2646 265 2704 bibiturum
284 2649 398 2704 Hartei:
419 2649 466 2705 ced
488 2649 523 2717 cs.
543 2647 597 2704 Oic.
614 2648 694 2703 Ture.
714 2652 860 2716 5,14‚42
881 2647 1025 2717 ‘Philippo
1043 2649 1124 2703 mini·

109 2724 185 2775 tante
195 2751 228 2760 -
238 2736 265 2775 sc
278 2720 372 2775 omniu
385 2737 454 2790 quae
467 2725 632 2776 curarentur
641 2718 860 2789 prohibitcrrun'
890 2723 922 2773 10
936 2735 1003 2773 num
1017 2717 1123 2791 inquit]

108 2791 247 2915 111ῑὲ
265 2791 638 2932 {Adrastida
655 2790 716 2915 ii
729 2788 1124 2930 statuissem

110 2937 143 2986 16
162 2935 264 2987 necata
276 2933 311 2987 Η
318 2933 327 2964 ¹
345 2933 457 2987 nactam
476 2933 494 2987 h
541 2937 572 2987 17
592 2933 624 2985 at
642 2931 671 2986 C.
687 2931 797 2985 Aelium
816 2947 867 2986 reus
884 2931 1041 2986 adcaelium
1061 2930 1087 2985 G

109 3003 139 3058 at
158 3004 259 3057 celium
272 3004 300 3056 P
318 3019 352 3058 ac
370 3000 489 3058 caelium
503 3005 521 3057 d
541 3003 571 3057 at
586 3004 618 3056 L.
632 3001 744 3056 Aelium
758 3003 895 3071 Piptiurl
917 3017 979 3056 curn
997 2999 1121 3072 familia]

108 3072 247 3128 furnilium
266 3074 310 3127 Ηι
334 3074 339 3143 Ι
366 3078 398 3128 18
417 3089 516 3129 necare
538 3071 634 3142 picum
658 3075 742 3140 atque
760 3088 810 3126 uos
828 3073 863 3126 de
882 3087 916 3126 ea
932 3072 1016 3136 (deca
1036 3070 1075 3140 G)
1092 3085 1123 3125 rs

107 3145 229 3214 pecunia
246 3159 318 3213 quae
331 3143 395 3198 GH
410 3144 477 3198 dare
495 3143 727 3212 peccuniamqua
740 3143 769 3195 P
785 3143 851 3197 dare
869 3142 965 3211 picum
984 3139 1048 3196 neci
1062 3140 1121 3197 Ser.

108 3229 208 3272 necare
227 3216 321 3283 picum
339 3215 435 3284 itaque
450 3215 627 3269 Zechmer'ster
642 3217 646 3282 Ι
661 3210 825 3281 periturum.
845 3229 927 3267 auem
946 3210 1051 3268 occidit
1068 3229 1121 3268 nec

108 3285 174 3340 dare
188 3301 309 3355 poenum
322 3283 464 3340 dubitauit
478 3301 533 3352 qua
546 3282 641 3339 occisa
653 3285 749 3338 nostro
764 3284 783 3338 d
798 3286 803 3353 Ι
820 3289 852 3338 19
867 3281 1003 3338 ‚XIIILG
1019 3285 1024 3352 Ι
1039 3281 1121 3338 aeliis

108 3355 157 3410 H¹
175 3354 270 3410 caeliis
291 3354 351 3409 GP
368 3353 446 3409 celiis
464 3356 502 3423 ῙιΙ
522 3361 557 3408 20
575 3356 660 3410 uerba
677 3354 753 3407 huuc
770 3384 806 3394 —
824 3354 941 3409 creduut
958 3355 1060 3410 dekui:
1084 3356 1121 3422 cf.

103 3427 194 3495 praes.
209 3425 230 3498 ἕ
245 3431 262 3482 9
278 3429 283 3496 Ι
303 3431 335 3480 21
352 3442 384 3480 .c.
400 3425 520 3480 caelium
534 3425 569 3480 H
584 3425 726 3480 claudium
746 3424 865 3479 caelium
880 3425 906 3479 G
924 3425 1079 3480 coucelium
1096 3426 1124 3479 P

107 3497 219 3552 Aelium
239 3496 302 3552 oud
355 3491 453 3551 lelium
473 3495 500 3550 G
521 3496 629 3552 ludium
648 3495 737 3563 ΗΡΙ
761 3494 861 3550 laelios
879 3495 914 3549 H
932 3494 1014 3552 lelius
1035 3495 1119 3568 GP}
1187 3566 1203 3569 Δ

109 3568 212 3624 caelius
231 3567 266 3622 H
289 3583 320 3623 ce
334 3568 375 3623 ios
394 3567 454 3623 GP
468 3565 563 3623 Aelius
584 3566 675 3637 Occi!
699 3572 734 3621 23
753 3567 934 3637 magistratus
953 3567 982 3620 P

871 3656 907 3710 9*
