2616 4048
511 210 724 268 PRAEFATIO.
1075 209 1129 264 Vll

109 375 273 458 putata
296 375 538 461 praedictum
699 374 914 458 perdictam
943 370 997 437 Η1
1042 395 1127 456 per·

752 462 898 527 dicaam
922 461 991 526 GP

178 551 266 628 Quae
290 573 362 618 cum
381 553 429 618 ita
448 552 522 637 sint,
544 575 586 635 ne
604 552 656 616 his
677 551 806 635 quidem
826 551 916 629 locis,
939 551 997 614 ubi
1014 550 1035 614 b
1053 572 1127 614 cum

110 638 142 706 G
164 641 352 725 conspirare
375 641 480 706 uides:

108 751 140 814 p.
167 729 269 813 90‚14
293 730 457 796 duillius
480 729 531 796 bG
699 728 872 793 duellius
896 725 988 792 H1P

147 819 268 901 119,l'l
292 819 425 903 pedem
447 818 501 885 bG
698 817 815 900 pedes
833 815 887 882 Hl
910 817 1080 900 peditem
1099 816 1131 881 P

108 908 275 990 exemplar
301 908 420 990 prioris
448 907 576 994 generis
599 910 817 972 correctorem
841 905 1043 988 adhibuisse,
1071 904 1126 969 sed

107 1016 186 1060 casu
209 996 243 1060 in
266 995 351 1061 idam
374 997 528 1062 incidisse
545 996 654 1061 nescio
680 1017 721 1060 an
743 998 831 1060 recte
856 995 1037 1078 suspiceris.

121 1105 124 1112 ⁴
176 1083 216 1148 In
239 1085 337 1149 rebus
361 1085 622 1168 orthographicis
645 1085 666 1147 b
689 1084 852 1166 permulta
874 1083 1027 1146 mutauit:
1050 1103 1127 1148 nam

108 1170 331 1254 incolomis,
372 1192 527 1256 urgere,
568 1173 633 1235 alia
670 1171 827 1255 correxit,
868 1170 1127 1254 praepositiones

110 1263 219 1324 autem
238 1280 341 1342 paene
360 1280 473 1324 omnes
492 1259 601 1324 uerbis
621 1258 837 1342 adsimulauit,
856 1262 893 1324 ut
912 1259 1127 1343 affirmare,

110 1347 270 1431 acgredi
300 1348 352 1412 uel
380 1347 555 1433 aggredi,
584 1347 795 1432 applicare,
824 1347 991 1432 assidue,
1024 1369 1126 1412 com-

109 1435 271 1520 pellere,
294 1437 503 1521 eollocare,
525 1437 738 1502 immittere
759 1458 846 1501 nunc
868 1438 1004 1522 legatur.

175 1523 409 1609 Exemplorum
427 1525 557 1592 litterae
575 1525 719 1591 initiales
734 1525 880 1590 alternae
894 1527 1077 1591 atramento
1093 1529 1126 1589 at

108 1613 206 1679 rubro
231 1614 339 1679 colore
363 1618 514 1680 exaratae
534 1617 625 1679 sunt:
650 1615 806 1700 quasdam
830 1636 908 1678 uero
933 1636 1004 1678 cum
1027 1613 1125 1678 libra-

106 1700 174 1766 rius
194 1704 303 1768 colore
321 1703 456 1788 pingere
476 1704 649 1786 omisisset,
668 1707 830 1768 corrector
849 1702 1022 1787 suppleuit,
1036 1703 1126 1766 uelut

107 1811 138 1872 p.
152 1791 206 1876 41,
220 1792 250 1856 3.
267 1792 384 1866 15.18.
407 1793 460 1876 42,
477 1793 526 1858 12.
541 1794 594 1858 21.
617 1793 670 1875 43,
685 1793 714 1857 2.
729 1793 759 1856 9.
774 1792 830 1876 20;
855 1790 939 1876 quod
964 1812 1036 1854 cum
1059 1813 1126 1854 non

106 1880 218 1964 magni
246 1880 403 1946 momenti
431 1880 610 1964 uideretur,
638 1881 672 1945 in
697 1880 908 1946 adnotatione
931 1901 1125 1945 commemo·

105 1987 177 2032 rare
194 1969 303 2054 nolui3
326 1991 364 2034 eo
387 1973 496 2034 tamen
516 1968 611 2035 modo
630 1969 701 2034 fieri
720 1971 837 2054 potuit,
856 1973 893 2033 ut
910 1968 1125 2054 praenomina

106 2057 309 2206 qrgrorundam
328 2058 445 2123 ducum
463 2059 498 2122 iu
516 2058 579 2123 hoc
598 2058 709 2124 codice
727 2059 948 2140 mitterentur,
967 2057 1007 2122 of.
1025 2078 1057 2140 p.
1071 2058 1123 2138 41,

108 2145 124 2205 1
152 2192 160 2208 .
186 2145 258 2228 140,
273 2146 326 2210 26.

176 2228 282 2296 Simili
303 2232 444 2296 fortasse
466 2233 594 2297 ratione
617 2254 655 2296 ea
677 2234 900 2315 praenomina,
929 2253 1010 2316 quae
1035 2234 1123 2298 solus

107 2313 288 2383 Frontinus
308 2342 328 2384 a
347 2323 527 2385 ceterorum
546 2320 742 2402 scriptorum
761 2321 917 2384 memoria
936 2319 1122 2403 discrepans

108 2405 303 2488 quibusdam
331 2407 467 2472 ducibus
491 2407 573 2472 indit
596 2407 650 2492 (cf.
673 2430 704 2491 p.
721 2408 771 2486 14,
790 2410 840 2472 17.
864 2409 915 2493 72,
929 2410 981 2474 21.
1006 2410 1122 2491 82,11.

106 2492 161 2577 98,
180 2494 245 2583 18),
267 2496 477 2562 librariorum
500 2496 624 2562 incuria
647 2496 712 2561 iam
735 2497 769 2561 in
793 2497 936 2581 antiquis
960 2498 1122 2582 exempla-

104 2583 196 2649 ribus
220 2589 348 2651 mutata
371 2591 456 2651 sunt

173 2672 280 2738 Huius
307 2674 425 2740 codicis
453 2674 609 2740 lectiones
637 2678 670 2738 et
696 2675 841 2760 integras
870 2679 902 2739 et
930 2677 1122 2741 correctoris

104 2761 233 2828 calamo
257 2766 433 2847 temptatas
453 2785 536 2847 quae
556 2764 666 2849 aliquo
690 2764 786 2829 modo
805 2765 1032 2829 memorabiles
1052 2786 1144 2829 esse.

104 2847 298 2916 uidebantur
316 2853 438 2936 protuli
457 2873 577 2937 omnes,
601 2852 693 2917 enixe
713 2874 843 2931 curans,
866 2875 906 2916 ne
926 2853 1012 2937 quod
1031 2853 1120 2917 testi·

103 2940 250 3005 monium
274 2941 416 3006 melioris
441 2941 553 3006 classis
577 2941 792 3008 omitteretur.

171 3031 192 3108 ἕ
212 3029 242 3095 3.
267 3028 460 3096 G==oodex
485 3029 654 3094 Gothanus
678 3030 895 3094 bibliothecae
919 3028 1041 3093 ducalis
1065 3051 1121 3093 nu-

103 3135 195 3181 mero
214 3117 240 3182 Ι.
266 3118 327 3183 101
353 3118 500 3205 signatus
528 3116 616 3182 foliis
640 3120 770 3182 constat
792 3117 834 3181 49
859 3115 894 3201 (i.
913 3140 939 3182 e.
958 3119 1001 3182 48
1014 3117 1121 3198 -l-fol.

105 3201 178 3290 15b)
193 3206 447 3272 membranaceis
463 3202 521 3292 (30
532 3227 592 3270 em.
602 3221 645 3274 ><
655 3207 697 3270 21
709 3203 792 3292 cm),
808 3227 944 3289 quorum
962 3206 998 3269 in
1011 3206 1119 3291 singu·

102 3287 143 3354 lis
174 3293 305 3379 paginis
332 3317 446 3360 uersus
476 3294 613 3378 triginta
641 3296 778 3358 exstant.
820 3292 936 3358 Insunt
963 3293 1120 3358 f01.1¹-

102 3376 140 3439 8¹¹
164 3381 365 3447 breuiarium
387 3382 491 3463 Festi,
520 3381 576 3447 fol.
595 3383 729 3446 tar-39¹
751 3382 948 3446 breuiarium
971 3381 1119 3465 Eutropi‚

102 3463 157 3531 fol.
178 3470 341 3536 392-4811
364 3474 513 3554 excerpta
533 3492 571 3534 ex
592 3470 686 3535 libris
705 3469 865 3536 Frontini.
899 3467 1045 3553 Scriptus
1069 3475 1120 3535 est

101 3550 187 3623 liber
210 3559 343 3626 saeculo
362 3557 409 3624 IX
432 3559 558 3623 duabus
578 3558 740 3642 manibus,
764 3580 901 3642 quarum
920 3558 1023 3622 altera
1046 3579 1119 3641 par-
