<?xml version="1.0" encoding="UTF-8"?>
<!DOCTYPE html PUBLIC "-//W3C//DTD XHTML 1.0 Transitional//EN"
    "http://www.w3.org/TR/xhtml1/DTD/xhtml1-transitional.dtd">
<html xmlns="http://www.w3.org/1999/xhtml" xml:lang="en" lang="en">
 <head>
  <title>
</title>
<meta http-equiv="Content-Type" content="text/html;charset=utf-8" />
  <meta name='ocr-system' content='tesseract 3.04.00' />
  <meta name='ocr-capabilities' content='ocr_page ocr_carea ocr_par ocr_line ocrx_word'/>
</head>
<body>
  <div class='ocr_page' id='page_1' title='image "./ivlifrontinistr02gundgoog_0151.png"; bbox 0 0 2642 4046; ppageno 0'>
   <div class='ocr_carea' id='block_1_1' title="bbox 206 173 1018 248">
    <p class='ocr_par' dir='ltr' id='par_1_1' title="bbox 206 173 1018 248">
     <span class='ocr_line' id='line_1_1' title="bbox 206 173 1018 248; baseline -0.014 -8"><span class='ocrx_word' id='word_1_1' title='bbox 206 176 271 242; x_wconf 77' lang='grc'><strong>126</strong></span> <span class='ocrx_word' id='word_1_2' title='bbox 405 175 481 248; x_wconf 75' lang='lat' dir='ltr'><strong>IULI</strong></span> <span class='ocrx_word' id='word_1_3' title='bbox 498 174 677 232; x_wconf 77' lang='lat' dir='ltr'><strong>FRONTINI</strong></span> <span class='ocrx_word' id='word_1_4' title='bbox 697 173 1018 231; x_wconf 73' lang='lat' dir='ltr'><strong>smannonnanon</strong></span> 
     </span>
    </p>
   </div>
   <div class='ocr_carea' id='block_1_2' title="bbox 138 339 1307 2910">
    <p class='ocr_par' dir='ltr' id='par_1_2' title="bbox 204 339 1226 691">
     <span class='ocr_line' id='line_1_2' title="bbox 205 339 1226 426; baseline -0.001 -21"><span class='ocrx_word' id='word_1_5' title='bbox 205 341 284 406; x_wconf 91' lang='lat' dir='ltr'><strong>adeo</strong></span> <span class='ocrx_word' id='word_1_6' title='bbox 308 361 433 426; x_wconf 82' lang='lat' dir='ltr'><strong>pauper</strong></span> <span class='ocrx_word' id='word_1_7' title='bbox 454 339 527 423; x_wconf 80' lang='lat' dir='ltr'><strong>trit,</strong></span> <span class='ocrx_word' id='word_1_8' title='bbox 548 343 586 404; x_wconf 92' lang='lat' dir='ltr'><strong>ut</strong></span> <span class='ocrx_word' id='word_1_9' title='bbox 609 360 643 404; x_wconf 91' lang='lat' dir='ltr'><strong>se</strong></span> <span class='ocrx_word' id='word_1_10' title='bbox 666 339 837 424; x_wconf 81' lang='lat' dir='ltr'><strong>coniugem</strong></span> <span class='ocrx_word' id='word_1_11' title='bbox 856 339 1042 423; x_wconf 88' lang='lat' dir='ltr'><strong>liberosque</strong></span> <span class='ocrx_word' id='word_1_12' title='bbox 1065 339 1226 404; x_wconf 88' lang='lat' dir='ltr'><strong>toleraret</strong></span> 
     </span>
     <span class='ocr_line' id='line_1_3' title="bbox 205 426 1226 515; baseline -0.001 -20"><span class='ocrx_word' id='word_1_13' title='bbox 205 430 322 515; x_wconf 83' lang='lat' dir='ltr'><strong>agello,</strong></span> <span class='ocrx_word' id='word_1_14' title='bbox 345 429 401 514; x_wconf 89' lang='lat' dir='ltr'><strong>qui</strong></span> <span class='ocrx_word' id='word_1_15' title='bbox 424 429 591 495; x_wconf 73' lang='lat' dir='ltr'><strong>colebatur</strong></span> <span class='ocrx_word' id='word_1_16' title='bbox 618 449 797 512; x_wconf 88' lang='lat' dir='ltr'><strong>perunum</strong></span> <span class='ocrx_word' id='word_1_17' title='bbox 819 426 966 493; x_wconf 91' lang='lat' dir='ltr'><strong>uilicum:</strong></span> <span class='ocrx_word' id='word_1_18' title='bbox 994 428 1086 493; x_wconf 88' lang='lat' dir='ltr'><strong>cuius</strong></span> <span class='ocrx_word' id='word_1_19' title='bbox 1110 427 1226 494; x_wconf 90' lang='lat' dir='ltr'><strong>audita</strong></span> 
     </span>
     <span class='ocr_line' id='line_1_4' title="bbox 204 516 1224 603; baseline -0.001 -20"><span class='ocrx_word' id='word_1_20' title='bbox 204 522 309 584; x_wconf 92' lang='lat' dir='ltr'><strong>morte</strong></span> <span class='ocrx_word' id='word_1_21' title='bbox 332 519 464 603; x_wconf 74' lang='lat' dir='ltr'>scripsit</span> <span class='ocrx_word' id='word_1_22' title='bbox 486 517 613 582; x_wconf 90' lang='lat' dir='ltr'><strong>senatui</strong></span> <span class='ocrx_word' id='word_1_23' title='bbox 641 517 680 582; x_wconf 91' lang='lat' dir='ltr'><strong>de</strong></span> <span class='ocrx_word' id='word_1_24' title='bbox 709 538 905 602; x_wconf 73' lang='lat' dir='ltr'><strong>successore,</strong></span> <span class='ocrx_word' id='word_1_25' title='bbox 933 516 1099 582; x_wconf 88' lang='lat' dir='ltr'><strong>destitutis</strong></span> <span class='ocrx_word' id='word_1_26' title='bbox 1122 517 1224 582; x_wconf 88' lang='lat' dir='ltr'><strong>rebus</strong></span> 
     </span>
     <span class='ocr_line' id='line_1_5' title="bbox 205 605 1104 691; baseline -0.002 -19"><span class='ocrx_word' id='word_1_27' title='bbox 205 607 296 672; x_wconf 89' lang='lat' dir='ltr'><strong>obitu</strong></span> <span class='ocrx_word' id='word_1_28' title='bbox 319 608 406 671; x_wconf 91' lang='lat' dir='ltr'><strong>serui</strong></span> <span class='ocrx_word' id='word_1_29' title='bbox 425 606 643 672; x_wconf 87' lang='lat' dir='ltr'><strong>necessariam</strong></span> <span class='ocrx_word' id='word_1_30' title='bbox 666 627 736 671; x_wconf 90' lang='lat' dir='ltr'><strong>esse</strong></span> <span class='ocrx_word' id='word_1_31' title='bbox 759 605 977 691; x_wconf 87' lang='lat' dir='ltr'><strong>praesentiam</strong></span> <span class='ocrx_word' id='word_1_32' title='bbox 1001 627 1104 670; x_wconf 86' lang='lat' dir='ltr'><strong>suam.</strong></span> 
     </span>
    </p>

    <p class='ocr_par' dir='ltr' id='par_1_3' title="bbox 169 692 1223 869">
     <span class='ocr_line' id='line_1_6' title="bbox 169 692 1223 780; baseline -0.002 -18"><span class='ocrx_word' id='word_1_33' title='bbox 169 714 185 762; x_wconf 81' lang='lat' dir='ltr'><strong>s</strong></span> <span class='ocrx_word' id='word_1_34' title='bbox 270 696 301 760; x_wconf 89' lang='lat'><strong>4.</strong></span> <span class='ocrx_word' id='word_1_35' title='bbox 334 692 392 760; x_wconf 81' lang='lat' dir='ltr'><strong>On.</strong></span> <span class='ocrx_word' id='word_1_36' title='bbox 406 693 514 779; x_wconf 80' lang='lat' dir='ltr'><strong>Scipio</strong></span> <span class='ocrx_word' id='word_1_37' title='bbox 534 697 611 780; x_wconf 89' lang='lat' dir='ltr'><strong>post</strong></span> <span class='ocrx_word' id='word_1_38' title='bbox 628 715 679 759; x_wconf 90' lang='lat' dir='ltr'><strong>res</strong></span> <span class='ocrx_word' id='word_1_39' title='bbox 697 715 853 780; x_wconf 85' lang='lat' dir='ltr'><strong>prospere</strong></span> <span class='ocrx_word' id='word_1_40' title='bbox 875 694 909 758; x_wconf 90' lang='lat' dir='ltr'><strong>in</strong></span> <span class='ocrx_word' id='word_1_41' title='bbox 924 693 1085 779; x_wconf 88' lang='lat' dir='ltr'><strong>Hispania</strong></span> <span class='ocrx_word' id='word_1_42' title='bbox 1108 695 1223 780; x_wconf 83' lang='lat' dir='ltr'><strong>gestas</strong></span> 
     </span>
     <span class='ocr_line' id='line_1_7' title="bbox 203 776 1222 869; baseline -0.001 -20"><span class='ocrx_word' id='word_1_43' title='bbox 203 776 239 848; x_wconf 83' lang='lat' dir='ltr'><strong>in</strong></span> <span class='ocrx_word' id='word_1_44' title='bbox 262 807 389 849; x_wconf 86' lang='lat' dir='ltr'><strong>summa</strong></span> <span class='ocrx_word' id='word_1_45' title='bbox 416 787 607 869; x_wconf 88' lang='lat' dir='ltr'><strong>paupertate</strong></span> <span class='ocrx_word' id='word_1_46' title='bbox 636 783 787 862; x_wconf 76' lang='lat' dir='ltr'><strong>decessit,</strong></span> <span class='ocrx_word' id='word_1_47' title='bbox 813 805 854 848; x_wconf 93' lang='lat' dir='ltr'><strong>ne</strong></span> <span class='ocrx_word' id='word_1_48' title='bbox 882 805 921 848; x_wconf 91' lang='lat' dir='ltr'><strong>ea</strong></span> <span class='ocrx_word' id='word_1_49' title='bbox 948 781 1078 867; x_wconf 90' lang='lat' dir='ltr'><strong>quidem</strong></span> <span class='ocrx_word' id='word_1_50' title='bbox 1105 783 1222 848; x_wconf 86' lang='lat' dir='ltr'><strong>relicta</strong></span> 
     </span>
    </p>

    <p class='ocr_par' dir='ltr' id='par_1_4' title="bbox 138 871 1222 1048">
     <span class='ocr_line' id='line_1_8' title="bbox 138 871 1222 958; baseline -0.002 -20"><span class='ocrx_word' id='word_1_51' title='bbox 138 913 148 930; x_wconf 81' lang='lat'><strong>·</strong></span> <span class='ocrx_word' id='word_1_52' title='bbox 202 874 348 958; x_wconf 87' lang='lat' dir='ltr'><strong>pecunia,</strong></span> <span class='ocrx_word' id='word_1_53' title='bbox 372 894 453 957; x_wconf 93' lang='lat' dir='ltr'><strong>quae</strong></span> <span class='ocrx_word' id='word_1_54' title='bbox 472 873 635 938; x_wconf 83' lang='lat' dir='ltr'><strong>sufficeret</strong></span> <span class='ocrx_word' id='word_1_55' title='bbox 652 871 687 936; x_wconf 90' lang='lat' dir='ltr'><strong>in</strong></span> <span class='ocrx_word' id='word_1_56' title='bbox 705 872 813 938; x_wconf 82' lang='lat' dir='ltr'><strong>dotem</strong></span> <span class='ocrx_word' id='word_1_57' title='bbox 836 871 988 957; x_wconf 88' lang='lat' dir='ltr'><strong>filiarum,</strong></span> <span class='ocrx_word' id='word_1_58' title='bbox 1010 893 1090 956; x_wconf 89' lang='lat' dir='ltr'><strong>quas</strong></span> <span class='ocrx_word' id='word_1_59' title='bbox 1109 873 1153 937; x_wconf 92' lang='lat' dir='ltr'><strong>ob</strong></span> <span class='ocrx_word' id='word_1_60' title='bbox 1171 873 1222 936; x_wconf 91' lang='lat' dir='ltr'><strong>in·</strong></span> 
     </span>
     <span class='ocr_line' id='line_1_9' title="bbox 203 961 782 1048; baseline -0.002 -21"><span class='ocrx_word' id='word_1_61' title='bbox 203 963 311 1048; x_wconf 85' lang='lat' dir='ltr'><strong>opiam</strong></span> <span class='ocrx_word' id='word_1_62' title='bbox 336 962 465 1047; x_wconf 90' lang='lat' dir='ltr'><strong>publice</strong></span> <span class='ocrx_word' id='word_1_63' title='bbox 488 961 618 1026; x_wconf 89' lang='lat' dir='ltr'><strong>dotauit</strong></span> <span class='ocrx_word' id='word_1_64' title='bbox 640 967 782 1026; x_wconf 89' lang='lat' dir='ltr'><strong>senatus.</strong></span> 
     </span>
    </p>

    <p class='ocr_par' dir='ltr' id='par_1_5' title="bbox 269 1048 1222 1135">
     <span class='ocr_line' id='line_1_10' title="bbox 269 1048 1222 1135; baseline -0.001 -19"><span class='ocrx_word' id='word_1_65' title='bbox 269 1051 299 1116; x_wconf 83' lang='lat'><strong>5.</strong></span> <span class='ocrx_word' id='word_1_66' title='bbox 331 1050 421 1116; x_wconf 88' lang='lat' dir='ltr'><strong>Idem</strong></span> <span class='ocrx_word' id='word_1_67' title='bbox 448 1051 684 1135; x_wconf 86' lang='lat' dir='ltr'><strong>praestiterunt</strong></span> <span class='ocrx_word' id='word_1_68' title='bbox 714 1049 931 1115; x_wconf 81' lang='lat' dir='ltr'><strong>Athenienses</strong></span> <span class='ocrx_word' id='word_1_69' title='bbox 959 1048 1036 1114; x_wconf 86' lang='lat' dir='ltr'><strong>filiis</strong></span> <span class='ocrx_word' id='word_1_70' title='bbox 1064 1048 1222 1115; x_wconf 73' lang='lat' dir='ltr'><strong>Aristidis</strong></span> 
     </span>
    </p>

    <p class='ocr_par' dir='ltr' id='par_1_6' title="bbox 151 1137 1222 1312">
     <span class='ocr_line' id='line_1_11' title="bbox 151 1137 1222 1226; baseline -0.002 -20"><span class='ocrx_word' id='word_1_71' title='bbox 151 1157 183 1206; x_wconf 90' lang='lat'><strong>10</strong></span> <span class='ocrx_word' id='word_1_72' title='bbox 201 1143 278 1224; x_wconf 91' lang='lat' dir='ltr'><strong>post</strong></span> <span class='ocrx_word' id='word_1_73' title='bbox 287 1140 562 1226; x_wconf 82' lang='lat' dir='ltr'><strong>amplissimarum</strong></span> <span class='ocrx_word' id='word_1_74' title='bbox 575 1161 683 1204; x_wconf 89' lang='lat' dir='ltr'><strong>rerum</strong></span> <span class='ocrx_word' id='word_1_75' title='bbox 694 1137 1014 1207; x_wconf 77' lang='lat' dir='ltr'><strong>administrationem</strong></span> <span class='ocrx_word' id='word_1_76' title='bbox 1029 1138 1062 1202; x_wconf 91' lang='lat' dir='ltr'><strong>in</strong></span> <span class='ocrx_word' id='word_1_77' title='bbox 1077 1138 1222 1204; x_wconf 81' lang='lat' dir='ltr'><strong>maxima</strong></span> 
     </span>
     <span class='ocr_line' id='line_1_12' title="bbox 202 1228 570 1312; baseline 0 -20"><span class='ocrx_word' id='word_1_78' title='bbox 202 1233 396 1312; x_wconf 86' lang='lat' dir='ltr'><strong>paupertate</strong></span> <span class='ocrx_word' id='word_1_79' title='bbox 419 1228 570 1294; x_wconf 89' lang='lat' dir='ltr'><strong>defuncti.</strong></span> 
     </span>
    </p>

    <p class='ocr_par' dir='ltr' id='par_1_7' title="bbox 201 1315 1222 1560">
     <span class='ocr_line' id='line_1_13' title="bbox 269 1315 1222 1402; baseline -0.002 -20"><span class='ocrx_word' id='word_1_80' title='bbox 269 1319 299 1382; x_wconf 88' lang='lat'><strong>6.</strong></span> <span class='ocrx_word' id='word_1_81' title='bbox 330 1316 574 1402; x_wconf 77' lang='lat' dir='ltr'><strong>Epaminondas</strong></span> <span class='ocrx_word' id='word_1_82' title='bbox 595 1317 659 1381; x_wconf 82' lang='lat' dir='ltr'><strong>dux</strong></span> <span class='ocrx_word' id='word_1_83' title='bbox 674 1315 905 1381; x_wconf 78' lang='lat' dir='ltr'><strong>Thebanorum</strong></span> <span class='ocrx_word' id='word_1_84' title='bbox 924 1318 1037 1380; x_wconf 85' lang='lat' dir='ltr'><strong>tantae</strong></span> <span class='ocrx_word' id='word_1_85' title='bbox 1058 1315 1222 1380; x_wconf 89' lang='lat' dir='ltr'><strong>abstinen-</strong></span> 
     </span>
     <span class='ocr_line' id='line_1_14' title="bbox 201 1405 1220 1491; baseline 0 -21"><span class='ocrx_word' id='word_1_86' title='bbox 201 1405 267 1470; x_wconf 82' lang='lat' dir='ltr'><strong>tiae</strong></span> <span class='ocrx_word' id='word_1_87' title='bbox 289 1405 366 1491; x_wconf 82' lang='lat' dir='ltr'><strong>tuit,</strong></span> <span class='ocrx_word' id='word_1_88' title='bbox 396 1411 436 1470; x_wconf 89' lang='lat' dir='ltr'><strong>ut</strong></span> <span class='ocrx_word' id='word_1_89' title='bbox 462 1407 497 1470; x_wconf 93' lang='lat' dir='ltr'><strong>in</strong></span> <span class='ocrx_word' id='word_1_90' title='bbox 525 1405 740 1490; x_wconf 88' lang='lat' dir='ltr'><strong>suppellectili</strong></span> <span class='ocrx_word' id='word_1_91' title='bbox 768 1405 837 1470; x_wconf 92' lang='lat' dir='ltr'><strong>eius</strong></span> <span class='ocrx_word' id='word_1_92' title='bbox 864 1409 993 1488; x_wconf 88' lang='lat' dir='ltr'><strong>praeter</strong></span> <span class='ocrx_word' id='word_1_93' title='bbox 1015 1408 1160 1470; x_wconf 88' lang='lat' dir='ltr'><strong>stoream</strong></span> <span class='ocrx_word' id='word_1_94' title='bbox 1184 1411 1220 1470; x_wconf 93' lang='lat' dir='ltr'><strong>et</strong></span> 
     </span>
     <span class='ocr_line' id='line_1_15' title="bbox 201 1494 770 1560; baseline 0 -2"><span class='ocrx_word' id='word_1_95' title='bbox 201 1495 331 1559; x_wconf 90' lang='lat' dir='ltr'><strong>unicum</strong></span> <span class='ocrx_word' id='word_1_96' title='bbox 354 1517 434 1560; x_wconf 90' lang='lat' dir='ltr'><strong>ueru</strong></span> <span class='ocrx_word' id='word_1_97' title='bbox 456 1494 538 1558; x_wconf 92' lang='lat' dir='ltr'><strong>nihil</strong></span> <span class='ocrx_word' id='word_1_98' title='bbox 561 1494 770 1558; x_wconf 88' lang='lat' dir='ltr'><strong>inueniretur.</strong></span> 
     </span>
    </p>

    <p class='ocr_par' dir='ltr' id='par_1_8' title="bbox 150 1581 1307 1914">
     <span class='ocr_line' id='line_1_16' title="bbox 150 1581 1220 1667; baseline 0 -19"><span class='ocrx_word' id='word_1_99' title='bbox 150 1598 182 1649; x_wconf 82' lang='lat'><strong>15</strong></span> <span class='ocrx_word' id='word_1_100' title='bbox 270 1584 298 1647; x_wconf 79' lang='lat'><strong>7.</strong></span> <span class='ocrx_word' id='word_1_101' title='bbox 330 1581 497 1648; x_wconf 83' lang='lat' dir='ltr'><strong>Hannibal</strong></span> <span class='ocrx_word' id='word_1_102' title='bbox 520 1603 651 1667; x_wconf 82' lang='lat' dir='ltr'><strong>surgere</strong></span> <span class='ocrx_word' id='word_1_103' title='bbox 675 1582 713 1646; x_wconf 90' lang='lat' dir='ltr'><strong>de</strong></span> <span class='ocrx_word' id='word_1_104' title='bbox 736 1585 831 1647; x_wconf 88' lang='lat' dir='ltr'><strong>nocte</strong></span> <span class='ocrx_word' id='word_1_105' title='bbox 850 1582 966 1647; x_wconf 89' lang='lat' dir='ltr'><strong>solitus</strong></span> <span class='ocrx_word' id='word_1_106' title='bbox 990 1585 1066 1647; x_wconf 87' lang='lat' dir='ltr'><strong>ante</strong></span> <span class='ocrx_word' id='word_1_107' title='bbox 1088 1586 1220 1648; x_wconf 87' lang='lat' dir='ltr'><strong>noctem</strong></span> 
     </span>
     <span class='ocr_line' id='line_1_17' title="bbox 200 1670 1218 1756; baseline 0.002 -22"><span class='ocrx_word' id='word_1_108' title='bbox 200 1692 267 1735; x_wconf 91' lang='lat' dir='ltr'><strong>non</strong></span> <span class='ocrx_word' id='word_1_109' title='bbox 290 1670 529 1756; x_wconf 84' lang='lat' dir='ltr'><strong>requiescebat:</strong></span> <span class='ocrx_word' id='word_1_110' title='bbox 553 1671 743 1755; x_wconf 80' lang='lat' dir='ltr'><strong>crepusculo</strong></span> <span class='ocrx_word' id='word_1_111' title='bbox 768 1671 897 1735; x_wconf 89' lang='lat' dir='ltr'><strong>demum</strong></span> <span class='ocrx_word' id='word_1_112' title='bbox 921 1670 961 1735; x_wconf 89' lang='lat' dir='ltr'><strong>ad</strong></span> <span class='ocrx_word' id='word_1_113' title='bbox 985 1691 1098 1737; x_wconf 90' lang='lat' dir='ltr'><strong>cenam</strong></span> <span class='ocrx_word' id='word_1_114' title='bbox 1122 1694 1218 1738; x_wconf 89' lang='lat' dir='ltr'><strong>noca-</strong></span> 
     </span>
     <span class='ocr_line' id='line_1_18' title="bbox 200 1758 1307 1844; baseline 0.002 -20"><span class='ocrx_word' id='word_1_115' title='bbox 200 1758 259 1824; x_wconf 89' lang='lat' dir='ltr'><strong>bat</strong></span> <span class='ocrx_word' id='word_1_116' title='bbox 281 1781 384 1844; x_wconf 90' lang='lat' dir='ltr'><strong>neque</strong></span> <span class='ocrx_word' id='word_1_117' title='bbox 408 1761 548 1844; x_wconf 89' lang='lat' dir='ltr'><strong>amplius</strong></span> <span class='ocrx_word' id='word_1_118' title='bbox 571 1781 669 1844; x_wconf 90' lang='lat' dir='ltr'><strong>quam</strong></span> <span class='ocrx_word' id='word_1_119' title='bbox 693 1760 818 1825; x_wconf 87' lang='lat' dir='ltr'><strong>duobus</strong></span> <span class='ocrx_word' id='word_1_120' title='bbox 837 1759 931 1824; x_wconf 89' lang='lat' dir='ltr'><strong>lectis</strong></span> <span class='ocrx_word' id='word_1_121' title='bbox 954 1759 1221 1826; x_wconf 85' lang='lat' dir='ltr'><strong>discumbebatur</strong></span> <span class='ocrx_word' id='word_1_122' title='bbox 1306 1795 1307 1826; x_wconf 81' lang='lat' dir='ltr'><strong>l</strong></span> 
     </span>
     <span class='ocr_line' id='line_1_19' title="bbox 201 1849 393 1914; baseline 0.005 -1"><span class='ocrx_word' id='word_1_123' title='bbox 201 1849 286 1913; x_wconf 88' lang='lat' dir='ltr'><strong>aud</strong></span> <span class='ocrx_word' id='word_1_124' title='bbox 311 1870 393 1914; x_wconf 87' lang='lat' dir='ltr'><strong>eum.</strong></span> 
     </span>
    </p>

    <p class='ocr_par' dir='ltr' id='par_1_9' title="bbox 221 1870 1305 2032">
     <span class='ocr_line' id='line_1_20' title="bbox 221 1870 1305 2032; baseline 0.002 -30"><span class='ocrx_word' id='word_1_125' title='bbox 221 1870 242 1932; x_wconf 76' lang='lat' dir='ltr'>p</span> <span class='ocrx_word' id='word_1_126' title='bbox 267 1938 296 2002; x_wconf 84' lang='lat'><strong>8.</strong></span> <span class='ocrx_word' id='word_1_127' title='bbox 328 1936 434 2021; x_wconf 90' lang='lat' dir='ltr'><strong>Idem,</strong></span> <span class='ocrx_word' id='word_1_128' title='bbox 462 1959 534 2002; x_wconf 88' lang='lat' dir='ltr'><strong>oum</strong></span> <span class='ocrx_word' id='word_1_129' title='bbox 559 1938 619 2003; x_wconf 90' lang='lat' dir='ltr'><strong>sub</strong></span> <span class='ocrx_word' id='word_1_130' title='bbox 642 1935 848 2002; x_wconf 83' lang='lat' dir='ltr'><strong>Hasdrubale</strong></span> <span class='ocrx_word' id='word_1_131' title='bbox 875 1936 1073 2022; x_wconf 86' lang='lat' dir='ltr'><strong>imperatore</strong></span> <span class='ocrx_word' id='word_1_132' title='bbox 1096 1939 1220 2004; x_wconf 87' lang='lat' dir='ltr'><strong>milita·</strong></span> <span class='ocrx_word' id='word_1_133' title='bbox 1299 1946 1305 2032; x_wconf 63' lang='lat' dir='ltr'><strong>t</strong></span> 
     </span>
    </p>

    <p class='ocr_par' dir='ltr' id='par_1_10' title="bbox 146 2025 1305 2199">
     <span class='ocr_line' id='line_1_21' title="bbox 146 2025 1305 2112; baseline 0.004 -20"><span class='ocrx_word' id='word_1_134' title='bbox 146 2042 181 2092; x_wconf 79' lang='lat'><strong>20</strong></span> <span class='ocrx_word' id='word_1_135' title='bbox 200 2029 265 2109; x_wconf 89' lang='lat' dir='ltr'><strong>ret,</strong></span> <span class='ocrx_word' id='word_1_136' title='bbox 293 2027 485 2112; x_wconf 89' lang='lat' dir='ltr'><strong>plerumque</strong></span> <span class='ocrx_word' id='word_1_137' title='bbox 519 2048 615 2110; x_wconf 88' lang='lat' dir='ltr'><strong>super</strong></span> <span class='ocrx_word' id='word_1_138' title='bbox 645 2025 765 2090; x_wconf 88' lang='lat' dir='ltr'><strong>nudam</strong></span> <span class='ocrx_word' id='word_1_139' title='bbox 798 2026 930 2091; x_wconf 90' lang='lat' dir='ltr'><strong>humum</strong></span> <span class='ocrx_word' id='word_1_140' title='bbox 966 2027 1081 2112; x_wconf 78' lang='lat' dir='ltr'><strong>sagulo</strong></span> <span class='ocrx_word' id='word_1_141' title='bbox 1112 2031 1220 2092; x_wconf 85' lang='lat' dir='ltr'><strong>tectus</strong></span> <span class='ocrx_word' id='word_1_142' title='bbox 1304 2037 1305 2098; x_wconf 73' lang='grc' dir='ltr'>ᾗ</span> 
     </span>
     <span class='ocr_line' id='line_1_22' title="bbox 201 2115 514 2199; baseline 0.003 -20"><span class='ocrx_word' id='word_1_143' title='bbox 201 2136 331 2180; x_wconf 90' lang='lat' dir='ltr'><strong>somnos</strong></span> <span class='ocrx_word' id='word_1_144' title='bbox 356 2115 514 2199; x_wconf 87' lang='lat' dir='ltr'><strong>capiebat.</strong></span> 
     </span>
    </p>

    <p class='ocr_par' dir='ltr' id='par_1_11' title="bbox 200 2201 1220 2377">
     <span class='ocr_line' id='line_1_23' title="bbox 265 2201 1220 2287; baseline 0.002 -19"><span class='ocrx_word' id='word_1_145' title='bbox 265 2203 295 2268; x_wconf 90' lang='lat'><strong>9.</strong></span> <span class='ocrx_word' id='word_1_146' title='bbox 330 2205 546 2269; x_wconf 88' lang='lat' dir='ltr'><strong>Aemilianum</strong></span> <span class='ocrx_word' id='word_1_147' title='bbox 570 2201 756 2287; x_wconf 85' lang='lat' dir='ltr'><strong>Scipionem</strong></span> <span class='ocrx_word' id='word_1_148' title='bbox 779 2202 918 2268; x_wconf 87' lang='lat' dir='ltr'><strong>traditur</strong></span> <span class='ocrx_word' id='word_1_149' title='bbox 946 2203 981 2267; x_wconf 91' lang='lat' dir='ltr'><strong>in</strong></span> <span class='ocrx_word' id='word_1_150' title='bbox 1003 2203 1120 2268; x_wconf 88' lang='lat' dir='ltr'><strong>itinere</strong></span> <span class='ocrx_word' id='word_1_151' title='bbox 1145 2227 1220 2270; x_wconf 91' lang='lat' dir='ltr'><strong>cum</strong></span> 
     </span>
     <span class='ocr_line' id='line_1_24' title="bbox 200 2291 1096 2377; baseline 0.002 -21"><span class='ocrx_word' id='word_1_152' title='bbox 200 2291 311 2356; x_wconf 89' lang='lat' dir='ltr'><strong>amicis</strong></span> <span class='ocrx_word' id='word_1_153' title='bbox 335 2294 555 2358; x_wconf 89' lang='lat' dir='ltr'><strong>ambulantem</strong></span> <span class='ocrx_word' id='word_1_154' title='bbox 579 2295 711 2377; x_wconf 89' lang='lat' dir='ltr'><strong>accepto</strong></span> <span class='ocrx_word' id='word_1_155' title='bbox 734 2312 819 2375; x_wconf 88' lang='lat' dir='ltr'><strong>pane</strong></span> <span class='ocrx_word' id='word_1_156' title='bbox 842 2291 930 2357; x_wconf 91' lang='lat' dir='ltr'><strong>uesci</strong></span> <span class='ocrx_word' id='word_1_157' title='bbox 954 2292 1096 2358; x_wconf 90' lang='lat' dir='ltr'><strong>solitum.</strong></span> 
     </span>
    </p>

    <p class='ocr_par' dir='ltr' id='par_1_12' title="bbox 268 2379 1145 2464">
     <span class='ocr_line' id='line_1_25' title="bbox 268 2379 1145 2464; baseline 0.003 -20"><span class='ocrx_word' id='word_1_158' title='bbox 268 2381 332 2462; x_wconf 88' lang='lat'>[10.</span> <span class='ocrx_word' id='word_1_159' title='bbox 365 2382 455 2446; x_wconf 90' lang='lat' dir='ltr'><strong>Idem</strong></span> <span class='ocrx_word' id='word_1_160' title='bbox 479 2384 512 2445; x_wconf 91' lang='lat' dir='ltr'><strong>et</strong></span> <span class='ocrx_word' id='word_1_161' title='bbox 536 2383 574 2446; x_wconf 89' lang='lat' dir='ltr'><strong>de</strong></span> <span class='ocrx_word' id='word_1_162' title='bbox 599 2381 782 2445; x_wconf 84' lang='lat' dir='ltr'><strong>Alexandro</strong></span> <span class='ocrx_word' id='word_1_163' title='bbox 804 2379 980 2446; x_wconf 89' lang='lat' dir='ltr'><strong>Macedone</strong></span> <span class='ocrx_word' id='word_1_164' title='bbox 1003 2381 1145 2464; x_wconf 74' lang='lat' dir='ltr'><strong>dicitur]</strong></span> 
     </span>
    </p>

    <p class='ocr_par' dir='ltr' id='par_1_13' title="bbox 146 2469 1307 2732">
     <span class='ocr_line' id='line_1_26' title="bbox 146 2469 1221 2557; baseline 0.002 -23"><span class='ocrx_word' id='word_1_165' title='bbox 146 2485 180 2534; x_wconf 78' lang='lat'><strong>25</strong></span> <span class='ocrx_word' id='word_1_166' title='bbox 269 2471 319 2535; x_wconf 91' lang='lat'><strong>11.</strong></span> <span class='ocrx_word' id='word_1_167' title='bbox 346 2469 562 2553; x_wconf 89' lang='lat' dir='ltr'><strong>Masinissam,</strong></span> <span class='ocrx_word' id='word_1_168' title='bbox 570 2469 841 2554; x_wconf 81' lang='lat' dir='ltr'><strong>nonagensimum</strong></span> <span class='ocrx_word' id='word_1_169' title='bbox 856 2469 972 2534; x_wconf 89' lang='lat' dir='ltr'><strong>aetatis</strong></span> <span class='ocrx_word' id='word_1_170' title='bbox 984 2489 1104 2535; x_wconf 90' lang='lat' dir='ltr'><strong>annum</strong></span> <span class='ocrx_word' id='word_1_171' title='bbox 1120 2492 1221 2557; x_wconf 84' lang='lat' dir='ltr'><strong>agen·</strong></span> 
     </span>
     <span class='ocr_line' id='line_1_27' title="bbox 198 2559 1220 2639; baseline 0.003 -18"><span class='ocrx_word' id='word_1_172' title='bbox 198 2561 275 2639; x_wconf 92' lang='lat' dir='ltr'><strong>tem,</strong></span> <span class='ocrx_word' id='word_1_173' title='bbox 298 2559 432 2623; x_wconf 90' lang='lat' dir='ltr'><strong>meridie</strong></span> <span class='ocrx_word' id='word_1_174' title='bbox 451 2563 526 2625; x_wconf 88' lang='lat' dir='ltr'><strong>ante</strong></span> <span class='ocrx_word' id='word_1_175' title='bbox 545 2559 789 2623; x_wconf 86' lang='lat' dir='ltr'><strong>tabernaculum</strong></span> <span class='ocrx_word' id='word_1_176' title='bbox 805 2562 946 2623; x_wconf 88' lang='lat' dir='ltr'><strong>stantem</strong></span> <span class='ocrx_word' id='word_1_177' title='bbox 970 2559 1023 2624; x_wconf 90' lang='lat' dir='ltr'><strong>uel</strong></span> <span class='ocrx_word' id='word_1_178' title='bbox 1046 2561 1220 2625; x_wconf 90' lang='lat' dir='ltr'><strong>ambulan-</strong></span> 
     </span>
     <span class='ocr_line' id='line_1_28' title="bbox 199 2647 1307 2732; baseline 0 -21"><span class='ocrx_word' id='word_1_179' title='bbox 199 2650 265 2711; x_wconf 90' lang='lat' dir='ltr'><strong>tem</strong></span> <span class='ocrx_word' id='word_1_180' title='bbox 289 2669 404 2732; x_wconf 89' lang='lat' dir='ltr'><strong>capere</strong></span> <span class='ocrx_word' id='word_1_181' title='bbox 427 2649 558 2712; x_wconf 91' lang='lat' dir='ltr'><strong>solitum</strong></span> <span class='ocrx_word' id='word_1_182' title='bbox 583 2647 672 2711; x_wconf 90' lang='lat' dir='ltr'><strong>cibos</strong></span> <span class='ocrx_word' id='word_1_183' title='bbox 696 2647 843 2731; x_wconf 87' lang='lat' dir='ltr'><strong>legimus.</strong></span> <span class='ocrx_word' id='word_1_184' title='bbox 1306 2651 1307 2662; x_wconf 57' lang='lat'>¹</span> 
     </span>
    </p>

    <p class='ocr_par' dir='ltr' id='par_1_14' title="bbox 198 2733 1219 2910">
     <span class='ocr_line' id='line_1_29' title="bbox 268 2733 1219 2817; baseline 0.001 -18"><span class='ocrx_word' id='word_1_185' title='bbox 268 2736 318 2800; x_wconf 80' lang='lat'><strong>12.</strong></span> <span class='ocrx_word' id='word_1_186' title='bbox 349 2733 401 2800; x_wconf 79' lang='grc' dir='ltr'><strong>Μ’.</strong></span> <span class='ocrx_word' id='word_1_187' title='bbox 422 2734 546 2817; x_wconf 81' lang='lat' dir='ltr'><strong>Curius,</strong></span> <span class='ocrx_word' id='word_1_188' title='bbox 569 2757 642 2800; x_wconf 87' lang='lat' dir='ltr'><strong>cum</strong></span> <span class='ocrx_word' id='word_1_189' title='bbox 661 2736 757 2800; x_wconf 90' lang='lat' dir='ltr'><strong>uictis</strong></span> <span class='ocrx_word' id='word_1_190' title='bbox 781 2738 822 2801; x_wconf 90' lang='lat' dir='ltr'><strong>ab</strong></span> <span class='ocrx_word' id='word_1_191' title='bbox 846 2757 884 2801; x_wconf 93' lang='lat' dir='ltr'><strong>eo</strong></span> <span class='ocrx_word' id='word_1_192' title='bbox 909 2733 1040 2801; x_wconf 82' lang='lat' dir='ltr'><strong>Sabinis</strong></span> <span class='ocrx_word' id='word_1_193' title='bbox 1065 2757 1104 2800; x_wconf 85' lang='lat' dir='ltr'><strong>ex</strong></span> <span class='ocrx_word' id='word_1_194' title='bbox 1128 2757 1219 2802; x_wconf 82' lang='lat' dir='ltr'><strong>aena-</strong></span> 
     </span>
     <span class='ocr_line' id='line_1_30' title="bbox 198 2824 1218 2910; baseline 0.002 -22"><span class='ocrx_word' id='word_1_195' title='bbox 198 2827 251 2888; x_wconf 90' lang='lat' dir='ltr'><strong>tus</strong></span> <span class='ocrx_word' id='word_1_196' title='bbox 271 2825 419 2888; x_wconf 90' lang='lat' dir='ltr'><strong>consulto</strong></span> <span class='ocrx_word' id='word_1_197' title='bbox 435 2824 646 2908; x_wconf 85' lang='lat' dir='ltr'><strong>ampliaretur</strong></span> <span class='ocrx_word' id='word_1_198' title='bbox 669 2824 698 2888; x_wconf 93' lang='lat' dir='ltr'><strong>ei</strong></span> <span class='ocrx_word' id='word_1_199' title='bbox 716 2825 831 2890; x_wconf 90' lang='lat' dir='ltr'><strong>modus</strong></span> <span class='ocrx_word' id='word_1_200' title='bbox 851 2825 930 2910; x_wconf 83' lang='lat' dir='ltr'><strong>agri,</strong></span> <span class='ocrx_word' id='word_1_201' title='bbox 954 2845 1049 2908; x_wconf 89' lang='lat' dir='ltr'><strong>quam</strong></span> <span class='ocrx_word' id='word_1_202' title='bbox 1068 2845 1218 2890; x_wconf 90' lang='lat' dir='ltr'><strong>consum·</strong></span> 
     </span>
    </p>
   </div>
   <div class='ocr_carea' id='block_1_3' title="bbox 197 2979 1221 3604">
    <p class='ocr_par' dir='ltr' id='par_1_15' title="bbox 197 2979 1221 3604">
     <span class='ocr_line' id='line_1_31' title="bbox 270 2979 1217 3052; baseline 0.001 -16"><span class='ocrx_word' id='word_1_203' title='bbox 270 2987 366 3036; x_wconf 80' lang='lat' dir='ltr'><strong>tmcr</strong></span> <span class='ocrx_word' id='word_1_204' title='bbox 381 2979 406 3035; x_wconf 78' lang='grc' dir='ltr'>θ</span> <span class='ocrx_word' id='word_1_205' title='bbox 421 2981 428 3050; x_wconf 78' lang='grc' dir='ltr'>Ι</span> <span class='ocrx_word' id='word_1_206' title='bbox 446 2986 478 3035; x_wconf 90' lang='grc'><strong>10</strong></span> <span class='ocrx_word' id='word_1_207' title='bbox 497 2979 527 3034; x_wconf 91' lang='lat' dir='ltr'><strong>in</strong></span> <span class='ocrx_word' id='word_1_208' title='bbox 545 2998 595 3037; x_wconf 88' lang='lat' dir='ltr'><strong>om.</strong></span> <span class='ocrx_word' id='word_1_209' title='bbox 607 2981 652 3051; x_wconf 84' lang='grc' dir='ltr'><strong>ΡΙ</strong></span> <span class='ocrx_word' id='word_1_210' title='bbox 670 2987 703 3035; x_wconf 84' lang='grc'><strong>13</strong></span> <span class='ocrx_word' id='word_1_211' title='bbox 722 2980 884 3052; x_wconf 86' lang='lat' dir='ltr'><strong>subplectili</strong></span> <span class='ocrx_word' id='word_1_212' title='bbox 900 2979 927 3037; x_wconf 73' lang='lat' dir='ltr'><em>G</em></span> <span class='ocrx_word' id='word_1_213' title='bbox 942 2984 946 3051; x_wconf 92' lang='grc' dir='ltr'>Ι</span> <span class='ocrx_word' id='word_1_214' title='bbox 962 2982 1075 3050; x_wconf 86' lang='lat' dir='ltr'><strong>practer</strong></span> <span class='ocrx_word' id='word_1_215' title='bbox 1093 2983 1217 3037; x_wconf 83' lang='lat' dir='ltr'><strong>stoream</strong></span> 
     </span>
     <span class='ocr_line' id='line_1_32' title="bbox 200 3051 1221 3122; baseline -0.002 -14"><span class='ocrx_word' id='word_1_216' title='bbox 200 3051 339 3108; x_wconf 61' lang='lat' dir='ltr'><strong>&amp;amiur</strong></span> <span class='ocrx_word' id='word_1_217' title='bbox 375 3052 543 3122; x_wconf 88' lang='lat' dir='ltr'><strong>praeteritor</strong></span> <span class='ocrx_word' id='word_1_218' title='bbox 570 3068 633 3108; x_wconf 87' lang='lat' dir='ltr'><strong>eam</strong></span> <span class='ocrx_word' id='word_1_219' title='bbox 662 3054 720 3120; x_wconf 81' lang='lat' dir='ltr'><strong>(scd</strong></span> <span class='ocrx_word' id='word_1_220' title='bbox 742 3055 830 3108; x_wconf 78' lang='lat' dir='ltr'><strong>altero</strong></span> <span class='ocrx_word' id='word_1_221' title='bbox 849 3054 863 3107; x_wconf 88' lang='lat' dir='ltr'><strong>t</strong></span> <span class='ocrx_word' id='word_1_222' title='bbox 885 3052 1134 3122; x_wconf 58' lang='lat' dir='ltr'><strong>emerseripto‘H)</strong></span> <span class='ocrx_word' id='word_1_223' title='bbox 1155 3052 1221 3108; x_wconf 80' lang='lat' dir='ltr'><strong>GH</strong></span> 
     </span>
     <span class='ocr_line' id='line_1_33' title="bbox 197 3122 1218 3195; baseline 0.002 -17"><span class='ocrx_word' id='word_1_224' title='bbox 197 3123 349 3192; x_wconf 87' lang='lat' dir='ltr'><strong>praeterito</strong></span> <span class='ocrx_word' id='word_1_225' title='bbox 363 3140 412 3178; x_wconf 88' lang='lat' dir='ltr'><strong>rea</strong></span> <span class='ocrx_word' id='word_1_226' title='bbox 426 3122 472 3194; x_wconf 71' lang='lat' dir='ltr'><strong>Pl</strong></span> <span class='ocrx_word' id='word_1_227' title='bbox 493 3129 528 3178; x_wconf 81' lang='lat'><strong>14</strong></span> <span class='ocrx_word' id='word_1_228' title='bbox 546 3122 672 3195; x_wconf 88' lang='lat' dir='ltr'><strong>unicum]</strong></span> <span class='ocrx_word' id='word_1_229' title='bbox 687 3141 805 3179; x_wconf 88' lang='lat' dir='ltr'><strong>aeneum</strong></span> <span class='ocrx_word' id='word_1_230' title='bbox 821 3123 891 3179; x_wconf 81' lang='lat' dir='ltr'><strong>Ded.</strong></span> <span class='ocrx_word' id='word_1_231' title='bbox 906 3125 966 3178; x_wconf 84' lang='lat' dir='ltr'><strong>coll.</strong></span> <span class='ocrx_word' id='word_1_232' title='bbox 981 3123 1058 3178; x_wconf 76' lang='lat' dir='ltr'><strong>Prot.</strong></span> <span class='ocrx_word' id='word_1_233' title='bbox 1076 3124 1149 3180; x_wconf 76' lang='lat' dir='ltr'><strong>nac.</strong></span> <span class='ocrx_word' id='word_1_234' title='bbox 1163 3129 1218 3180; x_wconf 74' lang='grc'><em>27.-</em></span> 
     </span>
     <span class='ocr_line' id='line_1_34' title="bbox 197 3193 1218 3266; baseline 0 -18"><span class='ocrx_word' id='word_1_235' title='bbox 197 3195 232 3260; x_wconf 80' lang='lat' dir='ltr'><strong>of.</strong></span> <span class='ocrx_word' id='word_1_236' title='bbox 248 3195 340 3262; x_wconf 74' lang='lat' dir='ltr'><strong>praef.</strong></span> <span class='ocrx_word' id='word_1_237' title='bbox 359 3193 427 3266; x_wconf 85' lang='lat'><strong>§11</strong></span> <span class='ocrx_word' id='word_1_238' title='bbox 445 3196 450 3262; x_wconf 85' lang='grc' dir='ltr'>Ι</span> <span class='ocrx_word' id='word_1_239' title='bbox 465 3210 534 3250; x_wconf 88' lang='lat' dir='ltr'><strong>uaru</strong></span> <span class='ocrx_word' id='word_1_240' title='bbox 551 3195 689 3250; x_wconf 67' lang='lat' dir='ltr'><strong>Groeuim</strong></span> <span class='ocrx_word' id='word_1_241' title='bbox 707 3211 774 3250; x_wconf 85' lang='lat' dir='ltr'><strong>uero</strong></span> <span class='ocrx_word' id='word_1_242' title='bbox 791 3193 907 3263; x_wconf 77' lang='grc' dir='ltr'>θΗΡΙ</span> <span class='ocrx_word' id='word_1_243' title='bbox 923 3201 1036 3264; x_wconf 85' lang='lat' dir='ltr'><strong>praeter</strong></span> <span class='ocrx_word' id='word_1_244' title='bbox 1054 3209 1168 3250; x_wconf 81' lang='lat' dir='ltr'><strong>aereum</strong></span> <span class='ocrx_word' id='word_1_245' title='bbox 1188 3197 1218 3251; x_wconf 89' lang='lat' dir='ltr'><strong>et</strong></span> 
     </span>
     <span class='ocr_line' id='line_1_35' title="bbox 197 3264 1215 3335; baseline 0.004 -17"><span class='ocrx_word' id='word_1_246' title='bbox 197 3265 336 3318; x_wconf 88' lang='lat' dir='ltr'><strong>minutum</strong></span> <span class='ocrx_word' id='word_1_247' title='bbox 356 3283 425 3320; x_wconf 91' lang='lat' dir='ltr'><strong>ueru</strong></span> <span class='ocrx_word' id='word_1_248' title='bbox 443 3265 512 3321; x_wconf 81' lang='lat' dir='ltr'><strong>Oud.</strong></span> <span class='ocrx_word' id='word_1_249' title='bbox 530 3270 534 3335; x_wconf 89' lang='grc' dir='ltr'>Ι</span> <span class='ocrx_word' id='word_1_250' title='bbox 556 3271 589 3320; x_wconf 79' lang='lat'><strong>15</strong></span> <span class='ocrx_word' id='word_1_251' title='bbox 609 3271 736 3335; x_wconf 85' lang='lat' dir='ltr'><strong>surgeret</strong></span> <span class='ocrx_word' id='word_1_252' title='bbox 753 3267 837 3321; x_wconf 89' lang='lat' dir='ltr'><strong>nocte</strong></span> <span class='ocrx_word' id='word_1_253' title='bbox 852 3264 878 3320; x_wconf 77' lang='lat' dir='ltr'><em>G</em></span> <span class='ocrx_word' id='word_1_254' title='bbox 894 3268 898 3332; x_wconf 90' lang='grc' dir='ltr'>Ι</span> <span class='ocrx_word' id='word_1_255' title='bbox 920 3272 953 3321; x_wconf 79' lang='lat' dir='ltr'><strong>ts</strong></span> <span class='ocrx_word' id='word_1_256' title='bbox 971 3283 1086 3320; x_wconf 88' lang='lat' dir='ltr'><strong>caenam</strong></span> <span class='ocrx_word' id='word_1_257' title='bbox 1101 3265 1132 3319; x_wconf 91' lang='lat' dir='ltr'><strong><em>H</em></strong></span> <span class='ocrx_word' id='word_1_258' title='bbox 1152 3282 1215 3322; x_wconf 83' lang='lat' dir='ltr'><strong>cos·</strong></span> 
     </span>
     <span class='ocr_line' id='line_1_36' title="bbox 197 3335 1213 3408; baseline 0.001 -19"><span class='ocrx_word' id='word_1_259' title='bbox 197 3352 263 3391; x_wconf 88' lang='lat' dir='ltr'><strong>nam</strong></span> <span class='ocrx_word' id='word_1_260' title='bbox 284 3337 335 3407; x_wconf 89' lang='grc' dir='ltr'><strong>ΡΙ</strong></span> <span class='ocrx_word' id='word_1_261' title='bbox 359 3338 482 3392; x_wconf 82' lang='lat' dir='ltr'><strong>uacabat</strong></span> <span class='ocrx_word' id='word_1_262' title='bbox 502 3339 521 3392; x_wconf 81' lang='lat' dir='ltr'><strong>d</strong></span> <span class='ocrx_word' id='word_1_263' title='bbox 541 3342 545 3403; x_wconf 90' lang='grc' dir='ltr'>Ι</span> <span class='ocrx_word' id='word_1_264' title='bbox 571 3343 604 3392; x_wconf 84' lang='grc'><strong>19</strong></span> <span class='ocrx_word' id='word_1_265' title='bbox 623 3337 787 3392; x_wconf 88' lang='lat' dir='ltr'><strong>hastrubale</strong></span> <span class='ocrx_word' id='word_1_266' title='bbox 805 3337 837 3390; x_wconf 87' lang='lat' dir='ltr'><strong><em>H</em></strong></span> <span class='ocrx_word' id='word_1_267' title='bbox 856 3337 861 3408; x_wconf 90' lang='grc'>1</span> <span class='ocrx_word' id='word_1_268' title='bbox 886 3343 921 3392; x_wconf 77' lang='grc'><strong>20</strong></span> <span class='ocrx_word' id='word_1_269' title='bbox 940 3335 1044 3391; x_wconf 88' lang='lat' dir='ltr'><strong>nudam</strong></span> <span class='ocrx_word' id='word_1_270' title='bbox 1068 3353 1118 3391; x_wconf 86' lang='lat' dir='ltr'><strong>om.</strong></span> <span class='ocrx_word' id='word_1_271' title='bbox 1139 3337 1174 3390; x_wconf 86' lang='lat' dir='ltr'><strong><em>H</em></strong></span> <span class='ocrx_word' id='word_1_272' title='bbox 1179 3337 1189 3369; x_wconf 90' lang='lat'>¹</span> <span class='ocrx_word' id='word_1_273' title='bbox 1209 3337 1213 3407; x_wconf 82' lang='grc' dir='ltr'>Ι</span> 
     </span>
     <span class='ocr_line' id='line_1_37' title="bbox 197 3406 1216 3534; baseline 0.004 -74"><span class='ocrx_word' id='word_1_274' title='bbox 197 3411 233 3460; x_wconf 75' lang='lat'><strong>24</strong></span> <span class='ocrx_word' id='word_1_275' title='bbox 259 3409 409 3476; x_wconf 73' lang='lat' dir='ltr'><strong>coemptum</strong></span> <span class='ocrx_word' id='word_1_276' title='bbox 436 3409 571 3464; x_wconf 71' lang='lat' dir='ltr'><strong>obscom:</strong></span> <span class='ocrx_word' id='word_1_277' title='bbox 599 3409 633 3474; x_wconf 83' lang='lat' dir='ltr'><strong>cf.</strong></span> <span class='ocrx_word' id='word_1_278' title='bbox 654 3408 745 3477; x_wconf 75' lang='lat' dir='ltr'><strong>praef.</strong></span> <span class='ocrx_word' id='word_1_279' title='bbox 759 3407 822 3534; x_wconf 43' lang='lat'><strong>{9</strong></span> <span class='ocrx_word' id='word_1_280' title='bbox 842 3409 847 3478; x_wconf 84' lang='grc'>1</span> <span class='ocrx_word' id='word_1_281' title='bbox 867 3413 902 3462; x_wconf 76' lang='lat'><strong>25</strong></span> <span class='ocrx_word' id='word_1_282' title='bbox 928 3406 1161 3478; x_wconf 81' lang='lat' dir='ltr'><strong>nonagensimum</strong></span> <span class='ocrx_word' id='word_1_283' title='bbox 1189 3408 1216 3464; x_wconf 75' lang='lat' dir='ltr'><strong><em>G</em></strong></span> 
     </span>
     <span class='ocr_line' id='line_1_38' title="bbox 197 3477 1213 3604; baseline 0 -72"><span class='ocrx_word' id='word_1_284' title='bbox 197 3478 425 3604; x_wconf 53' lang='lat' dir='ltr'><strong>nonagotssimpm</strong></span> <span class='ocrx_word' id='word_1_285' title='bbox 443 3479 487 3534; x_wconf 87' lang='lat' dir='ltr'><strong>H¹</strong></span> <span class='ocrx_word' id='word_1_286' title='bbox 505 3479 717 3548; x_wconf 85' lang='lat' dir='ltr'><strong>nonagesimum</strong></span> <span class='ocrx_word' id='word_1_287' title='bbox 736 3479 754 3534; x_wconf 85' lang='lat' dir='ltr'><strong>t</strong></span> <span class='ocrx_word' id='word_1_288' title='bbox 800 3482 805 3549; x_wconf 84' lang='grc' dir='ltr'>Ι</span> <span class='ocrx_word' id='word_1_289' title='bbox 826 3485 860 3535; x_wconf 77' lang='lat'><strong>28</strong></span> <span class='ocrx_word' id='word_1_290' title='bbox 879 3478 924 3534; x_wconf 82' lang='grc' dir='ltr'><strong>Μ’.</strong></span> <span class='ocrx_word' id='word_1_291' title='bbox 941 3479 1000 3535; x_wconf 80' lang='lat' dir='ltr'><strong>Sor.</strong></span> <span class='ocrx_word' id='word_1_292' title='bbox 1016 3477 1046 3534; x_wconf 83' lang='lat'><strong>0.</strong></span> <span class='ocrx_word' id='word_1_293' title='bbox 1065 3478 1190 3534; x_wconf 83' lang='lat' dir='ltr'><em>OGHP</em></span> <span class='ocrx_word' id='word_1_294' title='bbox 1209 3479 1213 3551; x_wconf 73' lang='lat' dir='ltr'><strong>l</strong></span> 
     </span>
     <span class='ocr_line' id='line_1_39' title="bbox 198 3553 344 3604; baseline 0.014 -2"><span class='ocrx_word' id='word_1_295' title='bbox 198 3553 231 3602; x_wconf 76' lang='lat'><strong>29</strong></span> <span class='ocrx_word' id='word_1_296' title='bbox 250 3565 296 3604; x_wconf 93' lang='lat' dir='ltr'><strong>mo</strong></span> <span class='ocrx_word' id='word_1_297' title='bbox 311 3566 344 3604; x_wconf 90' lang='lat' dir='ltr'><strong>us</strong></span> 
     </span>
    </p>
   </div>
   <div class='ocr_carea' id='block_1_4' title="bbox 0 0 1326 4046">
    <p class='ocr_par' dir='ltr' id='par_1_16' title="bbox 0 0 1326 4046">
     <span class='ocr_line' id='line_1_40' title="bbox 0 0 1326 4046; baseline 0 3"><span class='ocrx_word' id='word_1_298' title='bbox 0 0 1326 4046; x_wconf 95' lang='lat' dir='ltr'><strong> </strong></span> 
     </span>
    </p>
   </div>
  </div>
 </body>
</html>
