2452 3952
142 144 186 207 46
347 142 423 198 IULI
440 140 619 197 FRONTINI
638 140 963 198 STRATEGEMATON
1192 39 1195 231 ¹

62 310 65 317 '
141 307 386 391 inquietaretur,
400 306 477 371 dum
495 309 569 370 tota
587 309 682 372 nocte
700 305 735 370 in
754 305 895 370 statione
914 304 1085 373 custodiae
1100 311 1160 393 est3

60 460 63 465 ,
141 395 265 479 deinde,
278 400 315 459 ut
334 396 384 459 sui
402 416 496 459 mane
515 395 651 480 integris
671 394 796 459 uiribus
815 416 889 460 cum
907 394 1060 461 barbaris
1080 397 1160 484 nigi-

61 514 64 565 i
141 484 186 549 lia
205 483 426 548 marcentibus
452 484 678 569 confligerent,
701 484 773 548 loco
793 487 831 548 ut
848 483 1000 549 uoluerat
1019 490 1111 570 arto,
1128 488 1160 552 in

59 612 66 649 ς
142 594 205 657 quo
224 571 347 638 Xerxes
366 572 574 638 multitudine
593 595 657 656 qua
677 572 868 657 praestabat
886 572 934 638 uti
952 594 1020 638 non
1036 580 1160 658 posset

105 789 120 838 t
406 781 453 836 Ill.
482 781 530 836 DE
550 781 634 837 Aera
654 780 882 837 ORDINANDA.

208 930 236 997 1.
265 927 321 994 Cn.
342 926 451 1013 Scipio
474 929 508 993 in
531 927 692 1013 Hispania
716 926 871 992 aduersus
893 927 1095 995 Hannonem
1119 931 1158 996 ad

139 1016 294 1102 oppidum
312 1015 461 1101 Indibile,
480 1040 554 1082 cum
573 1016 856 1082 animaduertisset
873 1016 1030 1082 Punicam
1051 1019 1157 1086 aciem

138 1105 186 1170 ita
209 1106 378 1189 directam,
401 1107 490 1171 utin
508 1107 621 1172 dextro
641 1127 741 1171 cornu
757 1104 897 1190 Hispani
921 1106 1157 1175 constitueren-

137 1197 204 1277 tur,
227 1195 381 1261 robustus
400 1195 529 1279 quidem
549 1195 656 1278 miles,
675 1194 732 1258 sed
751 1194 806 1279 qui
825 1194 967 1259 alienum
986 1197 1157 1282 negotium

86 1301 119 1350 10
138 1288 262 1366 ageret,
291 1284 326 1348 in
355 1284 487 1349 sinistro
517 1289 626 1348 autem
654 1283 741 1366 Afri,
769 1283 877 1348 minus
905 1283 1032 1349 uiribus
1059 1285 1157 1369 firmi,

137 1372 194 1435 sed
223 1372 326 1435 animi
354 1373 604 1454 constantiores,
631 1372 763 1437 reducto
792 1371 925 1437 sinistro
953 1373 1058 1438 latere
1082 1397 1155 1441 suo·

136 1482 222 1543 rum,
245 1460 357 1525 dextro
378 1482 490 1543 cornu,
514 1460 599 1545 quod
618 1460 825 1526 calidissimis
849 1461 1008 1526 militibus
1029 1466 1155 1529 exstru-

135 1552 242 1631 xerat,
271 1549 404 1632 obliqua
432 1550 499 1613 acie
527 1571 600 1615 cum
627 1548 722 1614 hoste
745 1549 903 1615 conflixit:
932 1549 1048 1616 deinde
1071 1551 1155 1618 fusis

135 1637 320 1721 fugatisque
340 1637 429 1701 Afris
447 1636 626 1723 Hispanos,
650 1639 706 1723 qui
728 1638 764 1704 in
786 1660 914 1704 recessu
933 1639 1154 1722 spectantium

83 1744 115 1792 15
135 1747 224 1790 more
249 1729 420 1809 steterant,
442 1727 538 1791 facile
561 1728 593 1793 in
618 1726 814 1792 deditionem
837 1728 1004 1813 compulit.

202 1816 232 1880 2.
254 1814 426 1900 Philippus
449 1816 663 1881 Macedonum
685 1838 741 1880 rex
765 1816 919 1881 aduersus
942 1815 1074 1901 Hyllios
1098 1839 1153 1904 ge-

133 1924 208 1968 rens
222 1904 354 1988 bellum,
374 1910 410 1969 ut
425 1905 654 1970 animaduertit
671 1905 815 1970 frontem
834 1904 978 1970 hostium
992 1906 1153 1990 stipatam

135 1993 246 2057 electis
270 1993 308 2057 de
332 1997 403 2058 toto
427 1995 569 2059 exercitu
587 1994 680 2078 uiris,
703 1994 807 2059 latera
827 1998 936 2059 autem
959 1993 1152 2076 infirmiora,

134 2080 322 2146 fortissimis
343 2103 475 2147 suorum
488 2083 521 2147 in
537 2083 650 2148 dextro
666 2103 766 2148 cornu
780 2082 965 2166 conlocatis,
979 2083 1151 2151 sinistrum

80 2169 220 2235 solatus
247 2170 393 2236 hostium
421 2171 541 2237 inuasit
568 2172 763 2256 turbataque
789 2175 861 2237 tota
884 2171 954 2237 acie
978 2172 1152 2239 uictoriam

131 2259 227 2343 prodi
253 2260 329 2324 anit.

199 2279 251 2414 dg
259 2348 451 2413 Pammenes
471 2347 658 2430 Thebanus,
682 2352 856 2434 conspecta
876 2348 1049 2414 Persarum
1073 2350 1152 2434 acie,

131 2459 212 2520 quae
236 2437 480 2503 robustissimas
504 2438 615 2521 copias
640 2439 676 2502 in
699 2439 811 2503 dextro
836 2458 935 2502 cornu
959 2437 1150 2505 conlocatas

129 2525 287 2608 habebat,
312 2526 412 2590 simili
430 2525 558 2590 ratione
578 2526 699 2610 etipse
724 2548 799 2591 suos
819 2524 982 2592 ordinauit
1004 2547 1149 2594 omnem·

76 2630 110 2679 25
131 2635 191 2697 que
225 2613 405 2698 equitatum
438 2618 471 2678 et
498 2613 713 2679 fortissimum
747 2636 905 2700 quemque
936 2614 1084 2698 peditum
1115 2617 1151 2683 iu

130 2703 242 2767 dextro
270 2723 384 2785 cornu,
411 2701 652 2768 infirmissimos
682 2707 789 2769 autem
812 2707 926 2769 contra
948 2703 1148 2771 fortissimos

128 2791 273 2856 hostium
295 2790 405 2874 posuit
428 2791 670 2878 praecepitque,
697 2797 734 2858 ut
759 2793 800 2858 ad
822 2793 964 2877 primum
987 2792 1148 2877 impetum

129 2900 238 2945 eorum
270 2879 351 2963 fuga
381 2879 443 2944 sibi
471 2882 676 2947 consulerent
704 2883 780 2966 <et>
807 2881 843 2945 in
872 2880 1038 2946 siluestris
1071 2903 1148 2949 con·

128 2968 324 3054 fragosaque
356 2967 430 3034 loca
462 2991 496 3034 se
528 2971 720 3057 reciperent:
757 2972 805 3034 ita
837 2968 995 3036 frustrato
1026 2969 1148 3037 robore

199 3170 212 3215 1
233 3159 362 3216 custodia
380 3163 419 3230 dl
442 3169 458 3217 3
477 3164 614 3218 marcenti
634 3164 685 3232 ΡΙ
710 3169 728 3217 4
745 3162 837 3217 xerxis
856 3163 891 3218 H
908 3164 912 3231 Ι
937 3161 1028 3231 possit
1046 3162 1082 3217 H
1097 3165 1104 3232 Ι
1129 3169 1147 3219 6

125 3248 264 3287 annonem
283 3232 336 3301 ΡΙ
363 3240 377 3289 7
396 3233 517 3290 Indibile
541 3236 601 3290 edd.
628 3233 754 3288 inclibile
770 3233 802 3287 H
808 3234 837 3287 P
866 3233 983 3289 Indibili
1000 3232 1147 3291 simam

124 3301 262 3358 Intibilim
279 3302 347 3360 Ouo.
366 3306 370 3373 Ι
388 3312 419 3360 11
438 3305 635 3362 constantioris
650 3304 695 3373 ΡΙ
710 3304 791 3359 miles
809 3303 917 3360 uiribus
935 3303 1073 3359 infirmior
1092 3304 1145 3361 sed

124 3375 210 3430 animi
234 3376 471 3432 constantiorisd
494 3380 498 3446 Ι
529 3383 561 3431 12
586 3374 739 3431 extrixerat
756 3376 801 3429 H¹
825 3379 830 3446 t
858 3382 891 3431 14
909 3374 1095 3445 spectandum
1113 3375 1150 3430 Η

124 3446 300 3516 spectantum
316 3449 362 3509 ΡΙ
386 3455 419 3502 16
437 3447 555 3518 yllyrios
574 3448 620 3515 ΡΙ
647 3451 679 3500 18
699 3448 805 3502 electus
825 3448 919 3503 deiotc
933 3447 999 3516 H¹t
1024 3452 1057 3503 19
1077 3463 1144 3502 eon-

123 3517 232 3574 locatus
251 3518 295 3573 H¹
317 3523 321 3587 Ι
346 3525 379 3576 28
399 3518 454 3574 sibi
472 3519 541 3589 fuga
560 3519 588 3573 P
610 3521 614 3586 Ι
639 3520 668 3574 et
685 3520 793 3588 supplet
811 3519 830 3574 d

94 3854 126 3884 h
