<?xml version="1.0" encoding="UTF-8"?>
<!DOCTYPE html PUBLIC "-//W3C//DTD XHTML 1.0 Transitional//EN"
    "http://www.w3.org/TR/xhtml1/DTD/xhtml1-transitional.dtd">
<html xmlns="http://www.w3.org/1999/xhtml" xml:lang="en" lang="en">
 <head>
  <title>
</title>
<meta http-equiv="Content-Type" content="text/html;charset=utf-8" />
  <meta name='ocr-system' content='tesseract 3.04.00' />
  <meta name='ocr-capabilities' content='ocr_page ocr_carea ocr_par ocr_line ocrx_word'/>
</head>
<body>
  <div class='ocr_page' id='page_1' title='image "./ivlifrontinistr02gundgoog_0028.png"; bbox 0 0 2616 4048; ppageno 0'>
   <div class='ocr_carea' id='block_1_1' title="bbox 475 221 1138 285">
    <p class='ocr_par' dir='ltr' id='par_1_1' title="bbox 475 221 1138 285">
     <span class='ocr_line' id='line_1_1' title="bbox 475 221 1138 285; baseline 0.012 -8"><span class='ocrx_word' id='word_1_1' title='bbox 475 221 585 278; x_wconf 78' lang='lat' dir='ltr'>LIBER</span> <span class='ocrx_word' id='word_1_2' title='bbox 602 223 625 277; x_wconf 89' lang='lat' dir='ltr'><strong>I.</strong></span> <span class='ocrx_word' id='word_1_3' title='bbox 654 221 783 278; x_wconf 78' lang='lat' dir='ltr'><strong>Pnnnr.</strong></span> <span class='ocrx_word' id='word_1_4' title='bbox 1118 221 1138 285; x_wconf 87' lang='lat'><strong>3</strong></span> 
     </span>
    </p>
   </div>
   <div class='ocr_carea' id='block_1_2' title="bbox 122 385 1281 2589">
    <p class='ocr_par' dir='ltr' id='par_1_2' title="bbox 122 385 1281 2589">
     <span class='ocr_line' id='line_1_2' title="bbox 124 385 1139 471; baseline -0.003 -20"><span class='ocrx_word' id='word_1_5' title='bbox 124 409 144 451; x_wconf 91' lang='lat' dir='ltr'><strong>a</strong></span> <span class='ocrx_word' id='word_1_6' title='bbox 168 387 247 451; x_wconf 89' lang='lat' dir='ltr'><strong>duce</strong></span> <span class='ocrx_word' id='word_1_7' title='bbox 276 385 425 471; x_wconf 87' lang='lat' dir='ltr'><strong>prouide,</strong></span> <span class='ocrx_word' id='word_1_8' title='bbox 452 386 590 470; x_wconf 87' lang='lat' dir='ltr'><strong>utiliter,</strong></span> <span class='ocrx_word' id='word_1_9' title='bbox 618 385 803 471; x_wconf 84' lang='lat' dir='ltr'><strong>magnifice,</strong></span> <span class='ocrx_word' id='word_1_10' title='bbox 831 387 1018 450; x_wconf 73' lang='lat' dir='ltr'><strong>constanter</strong></span> <span class='ocrx_word' id='word_1_11' title='bbox 1046 385 1139 469; x_wconf 83' lang='lat' dir='ltr'><strong>fiunt,</strong></span> 
     </span>
     <span class='ocr_line' id='line_1_3' title="bbox 125 475 1193 560; baseline -0.001 -21"><span class='ocrx_word' id='word_1_12' title='bbox 125 475 313 554; x_wconf 80' lang='grc' dir='ltr'>(τρατηγικὰ</span> <span class='ocrx_word' id='word_1_13' title='bbox 334 475 553 540; x_wconf 86' lang='lat' dir='ltr'><strong>habebuntur:</strong></span> <span class='ocrx_word' id='word_1_14' title='bbox 575 476 603 540; x_wconf 91' lang='lat' dir='ltr'><strong>si</strong></span> <span class='ocrx_word' id='word_1_15' title='bbox 621 476 655 540; x_wconf 92' lang='lat' dir='ltr'><strong>in</strong></span> <span class='ocrx_word' id='word_1_16' title='bbox 674 475 781 560; x_wconf 89' lang='lat' dir='ltr'><strong>specie</strong></span> <span class='ocrx_word' id='word_1_17' title='bbox 801 496 913 539; x_wconf 90' lang='lat' dir='ltr'><strong>eorum</strong></span> <span class='ocrx_word' id='word_1_18' title='bbox 932 478 1021 558; x_wconf 85' lang='lat' dir='ltr'><strong>sunt,</strong></span> <span class='ocrx_word' id='word_1_19' title='bbox 1047 495 1139 554; x_wconf 81' lang='grc' dir='ltr'>(τρα-</span> <span class='ocrx_word' id='word_1_20' title='bbox 1188 495 1193 502; x_wconf 94' lang='grc'><em>·</em></span> 
     </span>
     <span class='ocr_line' id='line_1_4' title="bbox 124 563 1139 648; baseline -0.001 -20"><span class='ocrx_word' id='word_1_21' title='bbox 124 567 297 644; x_wconf 87' lang='grc' dir='ltr'>τηγήματα.</span> <span class='ocrx_word' id='word_1_22' title='bbox 332 564 448 629; x_wconf 90' lang='lat' dir='ltr'><strong>horum</strong></span> <span class='ocrx_word' id='word_1_23' title='bbox 472 564 604 648; x_wconf 89' lang='lat' dir='ltr'><strong>propria</strong></span> <span class='ocrx_word' id='word_1_24' title='bbox 631 564 680 629; x_wconf 86' lang='lat' dir='ltr'><strong>uis</strong></span> <span class='ocrx_word' id='word_1_25' title='bbox 704 565 738 628; x_wconf 91' lang='lat' dir='ltr'><strong>in</strong></span> <span class='ocrx_word' id='word_1_26' title='bbox 758 567 827 628; x_wconf 88' lang='lat' dir='ltr'><strong>arte</strong></span> <span class='ocrx_word' id='word_1_27' title='bbox 847 563 1057 647; x_wconf 78' lang='lat' dir='ltr'><strong>sollertiaque</strong></span> <span class='ocrx_word' id='word_1_28' title='bbox 1081 584 1139 647; x_wconf 91' lang='lat' dir='ltr'><strong>po·</strong></span> 
     </span>
     <span class='ocr_line' id='line_1_5' title="bbox 126 651 1137 737; baseline -0.002 -20"><span class='ocrx_word' id='word_1_29' title='bbox 126 653 190 717; x_wconf 91' lang='lat' dir='ltr'><strong>sita</strong></span> <span class='ocrx_word' id='word_1_30' title='bbox 221 653 351 737; x_wconf 87' lang='lat' dir='ltr'><strong>proficit</strong></span> <span class='ocrx_word' id='word_1_31' title='bbox 382 656 450 717; x_wconf 81' lang='lat' dir='ltr'><strong>tem</strong></span> <span class='ocrx_word' id='word_1_32' title='bbox 482 654 540 717; x_wconf 92' lang='lat' dir='ltr'><strong>ubi</strong></span> <span class='ocrx_word' id='word_1_33' title='bbox 572 653 733 718; x_wconf 85' lang='lat' dir='ltr'><strong>cauendus</strong></span> <span class='ocrx_word' id='word_1_34' title='bbox 772 674 868 737; x_wconf 89' lang='lat' dir='ltr'><strong>quam</strong></span> <span class='ocrx_word' id='word_1_35' title='bbox 906 651 1137 737; x_wconf 88' lang='lat' dir='ltr'><strong>opprimendus</strong></span> 
     </span>
     <span class='ocr_line' id='line_1_6' title="bbox 124 740 1173 828; baseline 0 -23"><span class='ocrx_word' id='word_1_36' title='bbox 124 740 228 806; x_wconf 87' lang='lat' dir='ltr'><strong>hostis</strong></span> <span class='ocrx_word' id='word_1_37' title='bbox 253 742 305 806; x_wconf 87' lang='lat' dir='ltr'><strong>sit.</strong></span> <span class='ocrx_word' id='word_1_38' title='bbox 343 764 408 826; x_wconf 89' lang='lat' dir='ltr'><strong>qua</strong></span> <span class='ocrx_word' id='word_1_39' title='bbox 430 743 465 806; x_wconf 90' lang='lat' dir='ltr'><strong>in</strong></span> <span class='ocrx_word' id='word_1_40' title='bbox 487 763 521 806; x_wconf 88' lang='lat' dir='ltr'><strong>re</strong></span> <span class='ocrx_word' id='word_1_41' title='bbox 544 764 616 807; x_wconf 90' lang='lat' dir='ltr'><strong>cnm</strong></span> <span class='ocrx_word' id='word_1_42' title='bbox 640 742 814 806; x_wconf 89' lang='lat' dir='ltr'><strong>uerborum</strong></span> <span class='ocrx_word' id='word_1_43' title='bbox 839 762 966 828; x_wconf 88' lang='lat' dir='ltr'><strong>quoque</strong></span> <span class='ocrx_word' id='word_1_44' title='bbox 990 740 1173 805; x_wconf 80' lang='lat' dir='ltr'><strong>inlustriso</strong></span> 
     </span>
     <span class='ocr_line' id='line_1_7' title="bbox 124 830 1139 914; baseline -0.001 -20"><span class='ocrx_word' id='word_1_45' title='bbox 124 831 286 896; x_wconf 86' lang='lat' dir='ltr'><strong>exstiterit</strong></span> <span class='ocrx_word' id='word_1_46' title='bbox 314 831 459 914; x_wconf 86' lang='lat' dir='ltr'><strong>effectus,</strong></span> <span class='ocrx_word' id='word_1_47' title='bbox 488 834 525 894; x_wconf 93' lang='lat' dir='ltr'><strong>ut</strong></span> <span class='ocrx_word' id='word_1_48' title='bbox 553 830 715 896; x_wconf 89' lang='lat' dir='ltr'><strong>factorum</strong></span> <span class='ocrx_word' id='word_1_49' title='bbox 738 832 785 895; x_wconf 91' lang='lat' dir='ltr'><strong>ita</strong></span> <span class='ocrx_word' id='word_1_50' title='bbox 808 830 967 894; x_wconf 89' lang='lat' dir='ltr'><strong>dictorum</strong></span> <span class='ocrx_word' id='word_1_51' title='bbox 992 830 1139 913; x_wconf 86' lang='lat' dir='ltr'><strong>exempla</strong></span> 
     </span>
     <span class='ocr_line' id='line_1_8' title="bbox 122 920 312 1002; baseline -0.005 -18"><span class='ocrx_word' id='word_1_52' title='bbox 122 920 312 1002; x_wconf 81' lang='lat' dir='ltr'><strong>posuimus]</strong></span> 
     </span>
     <span class='ocr_line' id='line_1_9' title="bbox 190 1006 1145 1093; baseline -0.003 -20"><span class='ocrx_word' id='word_1_53' title='bbox 190 1006 321 1093; x_wconf 77' lang='lat' dir='ltr'>Species</span> <span class='ocrx_word' id='word_1_54' title='bbox 345 1029 472 1092; x_wconf 87' lang='lat' dir='ltr'><strong>eorum,</strong></span> <span class='ocrx_word' id='word_1_55' title='bbox 494 1029 576 1091; x_wconf 88' lang='lat' dir='ltr'><strong>quae</strong></span> <span class='ocrx_word' id='word_1_56' title='bbox 599 1009 765 1072; x_wconf 75' lang='lat' dir='ltr'>instruant</span> <span class='ocrx_word' id='word_1_57' title='bbox 782 1008 897 1071; x_wconf 89' lang='lat' dir='ltr'><strong>ducem</strong></span> <span class='ocrx_word' id='word_1_58' title='bbox 915 1007 949 1071; x_wconf 94' lang='lat' dir='ltr'><strong>in</strong></span> <span class='ocrx_word' id='word_1_59' title='bbox 967 1006 1034 1090; x_wconf 87' lang='lat' dir='ltr'><strong>his,</strong></span> <span class='ocrx_word' id='word_1_60' title='bbox 1057 1027 1145 1089; x_wconf 83' lang='lat' dir='ltr'><strong>quae·</strong></span> 
     </span>
     <span class='ocr_line' id='line_1_10' title="bbox 124 1096 735 1180; baseline -0.003 -21"><span class='ocrx_word' id='word_1_61' title='bbox 124 1100 198 1161; x_wconf 84' lang='lat' dir='ltr'><strong>ente</strong></span> <span class='ocrx_word' id='word_1_62' title='bbox 221 1097 383 1180; x_wconf 87' lang='lat' dir='ltr'><strong>proelium</strong></span> <span class='ocrx_word' id='word_1_63' title='bbox 407 1096 548 1180; x_wconf 82' lang='lat' dir='ltr'><strong>gerenda</strong></span> <span class='ocrx_word' id='word_1_64' title='bbox 572 1098 661 1160; x_wconf 78' lang='lat' dir='ltr'><strong>aunt:</strong></span> <span class='ocrx_word' id='word_1_65' title='bbox 732 1141 735 1146; x_wconf 76' lang='lat'>·</span> 
     </span>
     <span class='ocr_line' id='line_1_11' title="bbox 249 1182 1191 1249; baseline 0.001 -1"><span class='ocrx_word' id='word_1_66' title='bbox 249 1184 275 1248; x_wconf 91' lang='lat' dir='ltr'><strong>I.</strong></span> <span class='ocrx_word' id='word_1_67' title='bbox 298 1183 347 1248; x_wconf 90' lang='lat' dir='ltr'><strong>De</strong></span> <span class='ocrx_word' id='word_1_68' title='bbox 371 1182 570 1248; x_wconf 84' lang='lat' dir='ltr'><strong>occultandis</strong></span> <span class='ocrx_word' id='word_1_69' title='bbox 595 1183 748 1247; x_wconf 89' lang='lat' dir='ltr'><strong>consiliis.</strong></span> <span class='ocrx_word' id='word_1_70' title='bbox 1157 1203 1191 1249; x_wconf 90' lang='lat'><strong>10</strong></span> 
     </span>
     <span class='ocr_line' id='line_1_12' title="bbox 232 1269 920 1353; baseline -0.001 -18"><span class='ocrx_word' id='word_1_71' title='bbox 232 1270 274 1335; x_wconf 89' lang='lat' dir='ltr'><strong>II.</strong></span> <span class='ocrx_word' id='word_1_72' title='bbox 296 1270 346 1335; x_wconf 90' lang='lat' dir='ltr'><strong>De</strong></span> <span class='ocrx_word' id='word_1_73' title='bbox 370 1269 577 1353; x_wconf 83' lang='lat' dir='ltr'>explorandis</span> <span class='ocrx_word' id='word_1_74' title='bbox 600 1270 744 1336; x_wconf 87' lang='lat' dir='ltr'><strong>consiliis</strong></span> <span class='ocrx_word' id='word_1_75' title='bbox 767 1269 920 1335; x_wconf 86' lang='lat' dir='ltr'><strong>hostium.</strong></span> 
     </span>
     <span class='ocr_line' id='line_1_13' title="bbox 216 1357 822 1424; baseline 0.002 -1"><span class='ocrx_word' id='word_1_76' title='bbox 216 1357 275 1423; x_wconf 90' lang='grc' dir='ltr'><strong>ΠΙ.</strong></span> <span class='ocrx_word' id='word_1_77' title='bbox 298 1359 347 1423; x_wconf 90' lang='lat' dir='ltr'><strong>De</strong></span> <span class='ocrx_word' id='word_1_78' title='bbox 371 1359 597 1424; x_wconf 88' lang='lat' dir='ltr'><strong>constituendo</strong></span> <span class='ocrx_word' id='word_1_79' title='bbox 622 1360 711 1424; x_wconf 86' lang='lat' dir='ltr'><strong>statu</strong></span> <span class='ocrx_word' id='word_1_80' title='bbox 735 1359 822 1424; x_wconf 87' lang='lat' dir='ltr'><strong>belli.</strong></span> 
     </span>
     <span class='ocr_line' id='line_1_14' title="bbox 199 1445 1137 1532; baseline 0.003 -21"><span class='ocrx_word' id='word_1_81' title='bbox 199 1445 273 1512; x_wconf 88' lang='lat' dir='ltr'>IIII.</span> <span class='ocrx_word' id='word_1_82' title='bbox 296 1446 346 1512; x_wconf 90' lang='lat' dir='ltr'><strong>De</strong></span> <span class='ocrx_word' id='word_1_83' title='bbox 359 1448 596 1513; x_wconf 87' lang='lat' dir='ltr'><strong>transducendo</strong></span> <span class='ocrx_word' id='word_1_84' title='bbox 609 1449 750 1513; x_wconf 86' lang='lat' dir='ltr'><strong>exercitu</strong></span> <span class='ocrx_word' id='word_1_85' title='bbox 760 1469 818 1532; x_wconf 90' lang='lat' dir='ltr'><strong>per</strong></span> <span class='ocrx_word' id='word_1_86' title='bbox 828 1448 900 1512; x_wconf 92' lang='lat' dir='ltr'><strong>loca</strong></span> <span class='ocrx_word' id='word_1_87' title='bbox 912 1448 998 1513; x_wconf 91' lang='lat' dir='ltr'><strong>hosti</strong></span> <span class='ocrx_word' id='word_1_88' title='bbox 1010 1448 1137 1514; x_wconf 87' lang='lat' dir='ltr'><strong>infesta.</strong></span> 
     </span>
     <span class='ocr_line' id='line_1_15' title="bbox 233 1535 936 1602; baseline 0.003 -2"><span class='ocrx_word' id='word_1_89' title='bbox 233 1535 273 1602; x_wconf 87' lang='lat' dir='ltr'><strong>V.</strong></span> <span class='ocrx_word' id='word_1_90' title='bbox 296 1535 346 1601; x_wconf 89' lang='lat' dir='ltr'><strong>De</strong></span> <span class='ocrx_word' id='word_1_91' title='bbox 369 1537 533 1602; x_wconf 87' lang='lat' dir='ltr'><strong>euadendo</strong></span> <span class='ocrx_word' id='word_1_92' title='bbox 558 1559 596 1602; x_wconf 87' lang='lat' dir='ltr'><strong>ex</strong></span> <span class='ocrx_word' id='word_1_93' title='bbox 619 1537 700 1602; x_wconf 91' lang='lat' dir='ltr'><strong>locis</strong></span> <span class='ocrx_word' id='word_1_94' title='bbox 725 1536 936 1602; x_wconf 85' lang='lat' dir='ltr'><strong>difficillimis.</strong></span> 
     </span>
     <span class='ocr_line' id='line_1_16' title="bbox 217 1623 1189 1710; baseline 0.002 -22"><span class='ocrx_word' id='word_1_95' title='bbox 217 1623 274 1689; x_wconf 89' lang='lat' dir='ltr'><strong>VI.</strong></span> <span class='ocrx_word' id='word_1_96' title='bbox 297 1624 346 1690; x_wconf 89' lang='lat' dir='ltr'><strong>De</strong></span> <span class='ocrx_word' id='word_1_97' title='bbox 369 1625 495 1691; x_wconf 84' lang='lat' dir='ltr'>insidiis</span> <span class='ocrx_word' id='word_1_98' title='bbox 520 1625 598 1710; x_wconf 85' lang='lat' dir='ltr'><strong>&lt;in&gt;</strong></span> <span class='ocrx_word' id='word_1_99' title='bbox 620 1627 736 1691; x_wconf 88' lang='lat' dir='ltr'><strong>itinere</strong></span> <span class='ocrx_word' id='word_1_100' title='bbox 759 1625 864 1691; x_wconf 82' lang='lat' dir='ltr'><strong>factis.</strong></span> <span class='ocrx_word' id='word_1_101' title='bbox 1157 1645 1189 1690; x_wconf 83' lang='lat'><strong>15</strong></span> 
     </span>
     <span class='ocr_line' id='line_1_17' title="bbox 198 1713 1244 1799; baseline 0.001 -22"><span class='ocrx_word' id='word_1_102' title='bbox 198 1713 270 1779; x_wconf 84' lang='lat' dir='ltr'>VII.</span> <span class='ocrx_word' id='word_1_103' title='bbox 295 1713 573 1790; x_wconf 82' lang='lat' dir='ltr'><strong>Quemadmodum</strong></span> <span class='ocrx_word' id='word_1_104' title='bbox 593 1737 644 1799; x_wconf 80' lang='lat' dir='ltr'><strong>ea,</strong></span> <span class='ocrx_word' id='word_1_105' title='bbox 662 1715 779 1796; x_wconf 85' lang='lat' dir='ltr'><strong>quibus</strong></span> <span class='ocrx_word' id='word_1_106' title='bbox 798 1715 981 1779; x_wconf 74' lang='lat' dir='ltr'><strong>deficiemus</strong></span> <span class='ocrx_word' id='word_1_107' title='bbox 1007 1714 1136 1778; x_wconf 89' lang='lat' dir='ltr'><strong>uidean-</strong></span> <span class='ocrx_word' id='word_1_108' title='bbox 1229 1792 1244 1799; x_wconf 30' lang='grc' dir='ltr'><strong><em>ο</em></strong></span> 
     </span>
     <span class='ocr_line' id='line_1_18' title="bbox 325 1795 1281 1890; baseline -0.001 -23"><span class='ocrx_word' id='word_1_109' title='bbox 325 1806 378 1867; x_wconf 89' lang='lat' dir='ltr'><strong>tur</strong></span> <span class='ocrx_word' id='word_1_110' title='bbox 405 1825 472 1868; x_wconf 92' lang='lat' dir='ltr'><strong>non</strong></span> <span class='ocrx_word' id='word_1_111' title='bbox 500 1803 610 1868; x_wconf 87' lang='lat' dir='ltr'><strong>deesse</strong></span> <span class='ocrx_word' id='word_1_112' title='bbox 640 1808 697 1869; x_wconf 87' lang='lat' dir='ltr'><strong>aut</strong></span> <span class='ocrx_word' id='word_1_113' title='bbox 723 1825 800 1868; x_wconf 88' lang='lat' dir='ltr'><strong>usus</strong></span> <span class='ocrx_word' id='word_1_114' title='bbox 812 1803 862 1868; x_wconf 80' lang='lat' dir='ltr'><strong>&#39;&#39;eo</strong></span> <span class='ocrx_word' id='word_1_115' title='bbox 959 1803 1136 1886; x_wconf 76' lang='lat' dir='ltr'><strong>expleatur.</strong></span> <span class='ocrx_word' id='word_1_116' title='bbox 1242 1795 1258 1890; x_wconf 61' lang='lat' dir='ltr'><strong><em>f</em></strong></span> <span class='ocrx_word' id='word_1_117' title='bbox 1279 1803 1281 1813; x_wconf 80' lang='grc'>’</span> 
     </span>
     <span class='ocr_line' id='line_1_19' title="bbox 183 1888 785 1977; baseline 0.007 -24"><span class='ocrx_word' id='word_1_118' title='bbox 183 1888 272 1955; x_wconf 88' lang='lat' dir='ltr'>VIII.</span> <span class='ocrx_word' id='word_1_119' title='bbox 295 1891 345 1955; x_wconf 92' lang='lat' dir='ltr'><strong>De</strong></span> <span class='ocrx_word' id='word_1_120' title='bbox 369 1891 601 1977; x_wconf 86' lang='lat' dir='ltr'><strong>distringendis</strong></span> <span class='ocrx_word' id='word_1_121' title='bbox 625 1891 785 1957; x_wconf 85' lang='lat' dir='ltr'><strong>hostibus.</strong></span> 
     </span>
     <span class='ocr_line' id='line_1_20' title="bbox 164 1977 953 2064; baseline 0.001 -20"><span class='ocrx_word' id='word_1_122' title='bbox 164 1977 271 2045; x_wconf 85' lang='lat' dir='ltr'>VIIII.</span> <span class='ocrx_word' id='word_1_123' title='bbox 293 1979 344 2044; x_wconf 90' lang='lat' dir='ltr'><strong>De</strong></span> <span class='ocrx_word' id='word_1_124' title='bbox 367 1980 525 2045; x_wconf 86' lang='lat' dir='ltr'><strong>seditione</strong></span> <span class='ocrx_word' id='word_1_125' title='bbox 547 1981 690 2044; x_wconf 92' lang='lat' dir='ltr'><strong>militum</strong></span> <span class='ocrx_word' id='word_1_126' title='bbox 714 1980 953 2064; x_wconf 85' lang='lat' dir='ltr'><strong>compescenda.</strong></span> 
     </span>
     <span class='ocr_line' id='line_1_21' title="bbox 230 2066 1189 2153; baseline 0.002 -21"><span class='ocrx_word' id='word_1_127' title='bbox 230 2067 270 2132; x_wconf 92' lang='lat' dir='ltr'><strong>X.</strong></span> <span class='ocrx_word' id='word_1_128' title='bbox 294 2066 572 2143; x_wconf 81' lang='lat' dir='ltr'><strong>Quemadmodum</strong></span> <span class='ocrx_word' id='word_1_129' title='bbox 583 2069 811 2152; x_wconf 84' lang='lat' dir='ltr'><strong>intempestiua</strong></span> <span class='ocrx_word' id='word_1_130' title='bbox 821 2067 999 2153; x_wconf 86' lang='lat' dir='ltr'><strong>postulatio</strong></span> <span class='ocrx_word' id='word_1_131' title='bbox 1007 2088 1135 2153; x_wconf 87' lang='lat' dir='ltr'><strong>pugnae</strong></span> <span class='ocrx_word' id='word_1_132' title='bbox 1155 2086 1189 2134; x_wconf 80' lang='lat'><strong>20</strong></span> 
     </span>
     <span class='ocr_line' id='line_1_22' title="bbox 324 2155 520 2219; baseline 0.005 -1"><span class='ocrx_word' id='word_1_133' title='bbox 324 2155 520 2219; x_wconf 82' lang='lat' dir='ltr'><strong>inhibeatur.</strong></span> 
     </span>
     <span class='ocr_line' id='line_1_23' title="bbox 217 2241 1135 2325; baseline 0.002 -20"><span class='ocrx_word' id='word_1_134' title='bbox 217 2241 274 2306; x_wconf 89' lang='lat' dir='ltr'><strong>XI.</strong></span> <span class='ocrx_word' id='word_1_135' title='bbox 297 2242 576 2317; x_wconf 83' lang='lat' dir='ltr'><strong>Quemadmodum</strong></span> <span class='ocrx_word' id='word_1_136' title='bbox 609 2242 792 2307; x_wconf 82' lang='lat' dir='ltr'><strong>incitandus</strong></span> <span class='ocrx_word' id='word_1_137' title='bbox 826 2244 870 2306; x_wconf 85' lang='lat' dir='ltr'><strong>sit</strong></span> <span class='ocrx_word' id='word_1_138' title='bbox 903 2241 943 2305; x_wconf 88' lang='lat' dir='ltr'><strong>ad</strong></span> <span class='ocrx_word' id='word_1_139' title='bbox 975 2243 1135 2325; x_wconf 89' lang='lat' dir='ltr'><strong>proelium</strong></span> 
     </span>
     <span class='ocr_line' id='line_1_24' title="bbox 328 2330 495 2394; baseline 0.006 -2"><span class='ocrx_word' id='word_1_140' title='bbox 328 2330 495 2394; x_wconf 60' lang='lat' dir='ltr'><strong>emffims</strong></span> 
     </span>
     <span class='ocr_line' id='line_1_25' title="bbox 200 2414 1135 2500; baseline 0.004 -20"><span class='ocrx_word' id='word_1_141' title='bbox 200 2414 272 2482; x_wconf 88' lang='lat' dir='ltr'>XII.</span> <span class='ocrx_word' id='word_1_142' title='bbox 295 2415 345 2481; x_wconf 93' lang='lat' dir='ltr'><strong>De</strong></span> <span class='ocrx_word' id='word_1_143' title='bbox 373 2416 583 2482; x_wconf 89' lang='lat' dir='ltr'><strong>dissoluendo</strong></span> <span class='ocrx_word' id='word_1_144' title='bbox 610 2420 713 2500; x_wconf 80' lang='lat' dir='ltr'><strong>metu,</strong></span> <span class='ocrx_word' id='word_1_145' title='bbox 743 2438 838 2500; x_wconf 93' lang='lat' dir='ltr'><strong>quem</strong></span> <span class='ocrx_word' id='word_1_146' title='bbox 866 2417 986 2483; x_wconf 83' lang='lat' dir='ltr'><strong>milites</strong></span> <span class='ocrx_word' id='word_1_147' title='bbox 1016 2441 1055 2483; x_wconf 85' lang='lat' dir='ltr'><strong>ex</strong></span> <span class='ocrx_word' id='word_1_148' title='bbox 1083 2419 1135 2484; x_wconf 84' lang='lat' dir='ltr'><strong>ad·</strong></span> 
     </span>
     <span class='ocr_line' id='line_1_26' title="bbox 325 2505 1188 2589; baseline 0.008 -21"><span class='ocrx_word' id='word_1_149' title='bbox 325 2505 428 2571; x_wconf 85' lang='lat' dir='ltr'><strong>uersis</strong></span> <span class='ocrx_word' id='word_1_150' title='bbox 452 2506 655 2589; x_wconf 83' lang='lat' dir='ltr'><strong>conceperint</strong></span> <span class='ocrx_word' id='word_1_151' title='bbox 678 2505 850 2571; x_wconf 90' lang='lat' dir='ltr'><strong>ominibus.</strong></span> <span class='ocrx_word' id='word_1_152' title='bbox 1153 2527 1188 2575; x_wconf 82' lang='lat'><strong>25</strong></span> 
     </span>
    </p>
   </div>
   <div class='ocr_carea' id='block_1_3' title="bbox 113 2733 1134 3228">
    <p class='ocr_par' dir='ltr' id='par_1_3' title="bbox 116 2733 1134 2878">
     <span class='ocr_line' id='line_1_27' title="bbox 116 2733 1134 2860; baseline 0.004 -73"><span class='ocrx_word' id='word_1_153' title='bbox 116 2749 185 2788; x_wconf 86' lang='lat' dir='ltr'><strong>nam</strong></span> <span class='ocrx_word' id='word_1_154' title='bbox 209 2750 273 2786; x_wconf 89' lang='lat' dir='ltr'><strong>cum</strong></span> <span class='ocrx_word' id='word_1_155' title='bbox 291 2763 325 2774; x_wconf 88' lang='lat'>—</span> <span class='ocrx_word' id='word_1_156' title='bbox 344 2734 423 2801; x_wconf 90' lang='lat' dir='ltr'><strong>hab.‚</strong></span> <span class='ocrx_word' id='word_1_157' title='bbox 445 2736 507 2788; x_wconf 91' lang='lat' dir='ltr'><strong>tum</strong></span> <span class='ocrx_word' id='word_1_158' title='bbox 531 2733 555 2786; x_wconf 88' lang='lat' dir='ltr'><strong>si</strong></span> <span class='ocrx_word' id='word_1_159' title='bbox 573 2733 641 2787; x_wconf 82' lang='lat' dir='ltr'><strong>Ded.</strong></span> <span class='ocrx_word' id='word_1_160' title='bbox 673 2733 678 2802; x_wconf 90' lang='grc' dir='ltr'>Ι</span> <span class='ocrx_word' id='word_1_161' title='bbox 710 2739 723 2786; x_wconf 92' lang='grc'>1</span> <span class='ocrx_word' id='word_1_162' title='bbox 749 2733 895 2788; x_wconf 76' lang='lat' dir='ltr'><strong>adutiliter</strong></span> <span class='ocrx_word' id='word_1_163' title='bbox 916 2735 966 2800; x_wconf 82' lang='lat' dir='ltr'><strong>(ad</strong></span> <span class='ocrx_word' id='word_1_164' title='bbox 984 2740 1057 2805; x_wconf 79' lang='lat' dir='ltr'><strong>exp.)</strong></span> <span class='ocrx_word' id='word_1_165' title='bbox 1077 2736 1134 2860; x_wconf 39' lang='grc' dir='ltr'><strong>(ΞΑ</strong></span> 
     </span>
     <span class='ocr_line' id='line_1_28' title="bbox 117 2803 1113 2878; baseline 0.001 -18"><span class='ocrx_word' id='word_1_166' title='bbox 117 2813 133 2860; x_wconf 78' lang='lat'>2</span> <span class='ocrx_word' id='word_1_167' title='bbox 156 2805 464 2860; x_wconf 87' lang='grc' dir='ltr'>(ΤΡΑΤΗΓΗΜΑΤΙΚΑ</span> <span class='ocrx_word' id='word_1_168' title='bbox 487 2804 545 2874; x_wconf 82' lang='lat' dir='ltr'><strong>(sed</strong></span> <span class='ocrx_word' id='word_1_169' title='bbox 567 2805 717 2858; x_wconf 79' lang='grc' dir='ltr'>(ΤΡΑΤΗΓ</span> <span class='ocrx_word' id='word_1_170' title='bbox 719 2806 755 2860; x_wconf 92' lang='grc' dir='ltr'><strong>Μ.</strong></span> <span class='ocrx_word' id='word_1_171' title='bbox 775 2805 818 2872; x_wconf 87' lang='lat' dir='ltr'><strong>H)</strong></span> <span class='ocrx_word' id='word_1_172' title='bbox 840 2803 964 2859; x_wconf 76' lang='lat' dir='ltr'><strong><em>OGHP</em></strong></span> <span class='ocrx_word' id='word_1_173' title='bbox 989 2809 993 2875; x_wconf 88' lang='grc'>1</span> <span class='ocrx_word' id='word_1_174' title='bbox 1023 2807 1058 2878; x_wconf 86' lang='lat' dir='ltr'><strong>si]</strong></span> <span class='ocrx_word' id='word_1_175' title='bbox 1084 2823 1113 2860; x_wconf 91' lang='lat' dir='ltr'><strong>se</strong></span> 
     </span>
    </p>

    <p class='ocr_par' dir='ltr' id='par_1_4' title="bbox 113 2875 1134 3228">
     <span class='ocr_line' id='line_1_29' title="bbox 118 2875 1132 2946; baseline 0.002 -16"><span class='ocrx_word' id='word_1_176' title='bbox 118 2877 206 2932; x_wconf 76' lang='lat' dir='ltr'><strong>Tana.</strong></span> <span class='ocrx_word' id='word_1_177' title='bbox 222 2876 227 2944; x_wconf 94' lang='grc' dir='ltr'>Ι</span> <span class='ocrx_word' id='word_1_178' title='bbox 244 2876 493 2930; x_wconf 81' lang='grc' dir='ltr'>ΠΡΑΤΗΓΗΜΑΤ</span> <span class='ocrx_word' id='word_1_179' title='bbox 507 2875 550 2929; x_wconf 90' lang='grc' dir='ltr'><strong>Η1</strong></span> <span class='ocrx_word' id='word_1_180' title='bbox 569 2876 827 2930; x_wconf 79' lang='grc' dir='ltr'>ΠΡΑΤΙΓΗΜΑΤΑ</span> <span class='ocrx_word' id='word_1_181' title='bbox 839 2876 867 2929; x_wconf 92' lang='grc' dir='ltr'><strong><em>Ρ</em></strong></span> <span class='ocrx_word' id='word_1_182' title='bbox 881 2880 884 2940; x_wconf 92' lang='grc' dir='ltr'>Ι</span> <span class='ocrx_word' id='word_1_183' title='bbox 902 2884 917 2930; x_wconf 87' lang='grc'>3</span> <span class='ocrx_word' id='word_1_184' title='bbox 932 2878 1047 2946; x_wconf 87' lang='lat' dir='ltr'><strong>propria</strong></span> <span class='ocrx_word' id='word_1_185' title='bbox 1063 2878 1132 2932; x_wconf 81' lang='lat' dir='ltr'><strong>Oad.</strong></span> 
     </span>
     <span class='ocr_line' id='line_1_30' title="bbox 116 2944 1134 3018; baseline 0.001 -17"><span class='ocrx_word' id='word_1_186' title='bbox 116 2945 248 3018; x_wconf 84' lang='lat' dir='ltr'><strong>propriae</strong></span> <span class='ocrx_word' id='word_1_187' title='bbox 268 2945 363 3001; x_wconf 76' lang='lat' dir='ltr'><strong>GHP</strong></span> <span class='ocrx_word' id='word_1_188' title='bbox 389 2951 393 3013; x_wconf 85' lang='grc' dir='ltr'>Ι</span> <span class='ocrx_word' id='word_1_189' title='bbox 423 2944 632 3018; x_wconf 58' lang='lat' dir='ltr'><strong>sollertiamque</strong></span> <span class='ocrx_word' id='word_1_190' title='bbox 652 2949 723 3014; x_wconf 74' lang='lat' dir='ltr'><strong>(mea</strong></span> <span class='ocrx_word' id='word_1_191' title='bbox 742 2948 794 3002; x_wconf 78' lang='lat' dir='ltr'><strong>litt.</strong></span> <span class='ocrx_word' id='word_1_192' title='bbox 813 2950 905 3014; x_wconf 68' lang='lat' dir='ltr'><strong>ausa)</strong></span> <span class='ocrx_word' id='word_1_193' title='bbox 925 2947 960 3001; x_wconf 90' lang='lat' dir='ltr'><strong><em>H</em></strong></span> <span class='ocrx_word' id='word_1_194' title='bbox 978 2951 982 3014; x_wconf 92' lang='grc' dir='ltr'>Ι</span> <span class='ocrx_word' id='word_1_195' title='bbox 1013 2955 1030 3002; x_wconf 84' lang='grc'>4</span> <span class='ocrx_word' id='word_1_196' title='bbox 1050 2965 1134 3016; x_wconf 81' lang='lat' dir='ltr'><strong>quam</strong></span> 
     </span>
     <span class='ocr_line' id='line_1_31' title="bbox 115 3014 1133 3087; baseline 0.001 -16"><span class='ocrx_word' id='word_1_197' title='bbox 115 3018 165 3073; x_wconf 91' lang='lat' dir='ltr'><strong>ubi</strong></span> <span class='ocrx_word' id='word_1_198' title='bbox 186 3033 251 3087; x_wconf 90' lang='lat' dir='ltr'><strong>opp.</strong></span> <span class='ocrx_word' id='word_1_199' title='bbox 266 3019 305 3086; x_wconf 79' lang='lat' dir='ltr'><strong>dl</strong></span> <span class='ocrx_word' id='word_1_200' title='bbox 328 3023 343 3071; x_wconf 83' lang='lat'>9</span> <span class='ocrx_word' id='word_1_201' title='bbox 364 3021 437 3071; x_wconf 83' lang='lat' dir='ltr'><strong>sunt.</strong></span> <span class='ocrx_word' id='word_1_202' title='bbox 455 3014 623 3071; x_wconf 81' lang='lat' dir='ltr'>EXPLICIT</span> <span class='ocrx_word' id='word_1_203' title='bbox 641 3016 849 3070; x_wconf 78' lang='lat' dir='ltr'>PRAEFATIO</span> <span class='ocrx_word' id='word_1_204' title='bbox 868 3017 1079 3072; x_wconf 85' lang='lat' dir='ltr'>FRONTONIS</span> <span class='ocrx_word' id='word_1_205' title='bbox 1097 3018 1133 3086; x_wconf 78' lang='lat' dir='ltr'><strong>G,</strong></span> 
     </span>
     <span class='ocr_line' id='line_1_32' title="bbox 114 3086 1134 3156; baseline 0 -12"><span class='ocrx_word' id='word_1_206' title='bbox 114 3090 224 3144; x_wconf 80' lang='lat' dir='ltr'><strong>omissis</strong></span> <span class='ocrx_word' id='word_1_207' title='bbox 242 3089 331 3142; x_wconf 81' lang='lat' dir='ltr'><strong>titulis</strong></span> <span class='ocrx_word' id='word_1_208' title='bbox 350 3089 475 3143; x_wconf 77' lang='lat' dir='ltr'><strong>omnibus</strong></span> <span class='ocrx_word' id='word_1_209' title='bbox 493 3091 641 3154; x_wconf 72' lang='grc'><strong><em>3,10-4,</em></strong></span> <span class='ocrx_word' id='word_1_210' title='bbox 656 3093 671 3142; x_wconf 91' lang='grc'><strong><em>1</em></strong></span> <span class='ocrx_word' id='word_1_211' title='bbox 696 3091 700 3154; x_wconf 87' lang='lat' dir='ltr'><strong>l</strong></span> <span class='ocrx_word' id='word_1_212' title='bbox 725 3093 757 3142; x_wconf 84' lang='lat'><strong>13</strong></span> <span class='ocrx_word' id='word_1_213' title='bbox 778 3086 854 3142; x_wconf 87' lang='lat' dir='ltr'><strong>hosti</strong></span> <span class='ocrx_word' id='word_1_214' title='bbox 869 3088 904 3142; x_wconf 91' lang='grc' dir='ltr'>Η</span> <span class='ocrx_word' id='word_1_215' title='bbox 907 3089 943 3155; x_wconf 85' lang='grc' dir='ltr'><strong>Ρ,</strong></span> <span class='ocrx_word' id='word_1_216' title='bbox 961 3091 1025 3143; x_wconf 76' lang='lat' dir='ltr'><strong>item</strong></span> <span class='ocrx_word' id='word_1_217' title='bbox 1038 3093 1084 3156; x_wconf 87' lang='lat'><strong>11,</strong></span> <span class='ocrx_word' id='word_1_218' title='bbox 1096 3094 1134 3144; x_wconf 80' lang='lat'><strong>24</strong></span> 
     </span>
     <span class='ocr_line' id='line_1_33' title="bbox 113 3157 1134 3228; baseline 0.001 -14"><span class='ocrx_word' id='word_1_219' title='bbox 113 3158 247 3214; x_wconf 81' lang='lat' dir='ltr'><strong>hostibus</strong></span> <span class='ocrx_word' id='word_1_220' title='bbox 266 3159 285 3213; x_wconf 79' lang='lat' dir='ltr'><strong>d</strong></span> <span class='ocrx_word' id='word_1_221' title='bbox 315 3158 439 3214; x_wconf 76' lang='lat' dir='ltr'><strong>hostium</strong></span> <span class='ocrx_word' id='word_1_222' title='bbox 457 3159 516 3213; x_wconf 83' lang='lat' dir='ltr'><strong>edd.</strong></span> <span class='ocrx_word' id='word_1_223' title='bbox 540 3162 544 3228; x_wconf 82' lang='grc' dir='ltr'>Ι</span> <span class='ocrx_word' id='word_1_224' title='bbox 569 3157 677 3212; x_wconf 86' lang='lat' dir='ltr'><strong>insessa</strong></span> <span class='ocrx_word' id='word_1_225' title='bbox 696 3159 767 3214; x_wconf 78' lang='lat' dir='ltr'><strong>Oad.</strong></span> <span class='ocrx_word' id='word_1_226' title='bbox 793 3161 797 3227; x_wconf 94' lang='grc' dir='ltr'>Ι</span> <span class='ocrx_word' id='word_1_227' title='bbox 829 3164 861 3212; x_wconf 82' lang='lat'><strong>15</strong></span> <span class='ocrx_word' id='word_1_228' title='bbox 880 3157 911 3212; x_wconf 87' lang='lat' dir='ltr'><strong>in</strong></span> <span class='ocrx_word' id='word_1_229' title='bbox 933 3159 1033 3214; x_wconf 86' lang='lat' dir='ltr'><strong>itinere</strong></span> <span class='ocrx_word' id='word_1_230' title='bbox 1057 3161 1076 3214; x_wconf 82' lang='lat' dir='ltr'><strong>d</strong></span> <span class='ocrx_word' id='word_1_231' title='bbox 1100 3177 1134 3215; x_wconf 75' lang='lat' dir='ltr'><strong>ea</strong></span> 
     </span>
    </p>
   </div>
   <div class='ocr_carea' id='block_1_4' title="bbox 30 3227 1133 3298">
    <p class='ocr_par' dir='ltr' id='par_1_5' title="bbox 30 3227 1133 3298">
     <span class='ocr_line' id='line_1_34' title="bbox 30 3227 1133 3298; baseline -0.001 -13"><span class='ocrx_word' id='word_1_232' title='bbox 30 3263 36 3274; x_wconf 91' lang='lat'>·</span> <span class='ocrx_word' id='word_1_233' title='bbox 115 3235 197 3298; x_wconf 77' lang='lat'><strong><em>23,1</em></strong></span> <span class='ocrx_word' id='word_1_234' title='bbox 217 3228 313 3283; x_wconf 87' lang='lat' dir='ltr'><strong>itineri</strong></span> <span class='ocrx_word' id='word_1_235' title='bbox 323 3230 405 3298; x_wconf 85' lang='grc' dir='ltr'><strong>ΗΡΙ</strong></span> <span class='ocrx_word' id='word_1_236' title='bbox 423 3235 456 3283; x_wconf 86' lang='grc'><strong>16</strong></span> <span class='ocrx_word' id='word_1_237' title='bbox 475 3227 636 3283; x_wconf 71' lang='lat' dir='ltr'><strong>deficiemus</strong></span> <span class='ocrx_word' id='word_1_238' title='bbox 653 3231 753 3298; x_wconf 56' lang='lat' dir='ltr'><strong>carpsi</strong></span> <span class='ocrx_word' id='word_1_239' title='bbox 772 3229 926 3284; x_wconf 84' lang='lat' dir='ltr'><strong>efficiemur</strong></span> <span class='ocrx_word' id='word_1_240' title='bbox 939 3230 974 3284; x_wconf 90' lang='lat' dir='ltr'><strong><em>H</em></strong></span> <span class='ocrx_word' id='word_1_241' title='bbox 989 3231 1133 3286; x_wconf 88' lang='lat' dir='ltr'><strong>deficimus</strong></span> 
     </span>
    </p>
   </div>
   <div class='ocr_carea' id='block_1_5' title="bbox 112 3298 1134 3654">
    <p class='ocr_par' dir='ltr' id='par_1_6' title="bbox 112 3298 1134 3654">
     <span class='ocr_line' id='line_1_35' title="bbox 114 3298 1134 3374; baseline 0.001 -18"><span class='ocrx_word' id='word_1_242' title='bbox 114 3303 155 3368; x_wconf 88' lang='lat' dir='ltr'><strong>P;</strong></span> <span class='ocrx_word' id='word_1_243' title='bbox 175 3303 211 3368; x_wconf 83' lang='lat' dir='ltr'><strong>cf.</strong></span> <span class='ocrx_word' id='word_1_244' title='bbox 224 3301 314 3369; x_wconf 78' lang='lat' dir='ltr'><strong>praef.</strong></span> <span class='ocrx_word' id='word_1_245' title='bbox 329 3299 350 3371; x_wconf 82' lang='lat'><em>§</em></span> <span class='ocrx_word' id='word_1_246' title='bbox 364 3305 400 3354; x_wconf 76' lang='lat'><strong>14</strong></span> <span class='ocrx_word' id='word_1_247' title='bbox 416 3303 420 3369; x_wconf 83' lang='grc' dir='ltr'>Ι</span> <span class='ocrx_word' id='word_1_248' title='bbox 438 3305 470 3354; x_wconf 89' lang='grc'><strong>18</strong></span> <span class='ocrx_word' id='word_1_249' title='bbox 489 3298 695 3369; x_wconf 83' lang='lat' dir='ltr'><strong>destringendis</strong></span> <span class='ocrx_word' id='word_1_250' title='bbox 716 3302 824 3368; x_wconf 74' lang='lat' dir='ltr'><strong>(mnium</strong></span> <span class='ocrx_word' id='word_1_251' title='bbox 842 3299 896 3368; x_wconf 88' lang='lat' dir='ltr'><strong>De)</strong></span> <span class='ocrx_word' id='word_1_252' title='bbox 914 3299 1041 3374; x_wconf 68' lang='lat' dir='ltr'>OH120</span> <span class='ocrx_word' id='word_1_253' title='bbox 1060 3303 1134 3357; x_wconf 72' lang='lat' dir='ltr'><strong>hicne</strong></span> 
     </span>
     <span class='ocr_line' id='line_1_36' title="bbox 113 3371 1133 3442; baseline 0.003 -17"><span class='ocrx_word' id='word_1_254' title='bbox 113 3374 156 3426; x_wconf 78' lang='lat' dir='ltr'><strong>tit.</strong></span> <span class='ocrx_word' id='word_1_255' title='bbox 171 3389 224 3427; x_wconf 91' lang='lat' dir='ltr'><strong>om.</strong></span> <span class='ocrx_word' id='word_1_256' title='bbox 240 3371 284 3437; x_wconf 89' lang='lat' dir='ltr'><strong>H,</strong></span> <span class='ocrx_word' id='word_1_257' title='bbox 303 3372 392 3426; x_wconf 79' lang='lat' dir='ltr'><strong>titulis</strong></span> <span class='ocrx_word' id='word_1_258' title='bbox 410 3373 459 3442; x_wconf 77' lang='lat' dir='ltr'><strong>qai</strong></span> <span class='ocrx_word' id='word_1_259' title='bbox 476 3376 627 3441; x_wconf 76' lang='lat' dir='ltr'><strong>aequantur</strong></span> <span class='ocrx_word' id='word_1_260' title='bbox 645 3373 767 3426; x_wconf 76' lang='lat' dir='ltr'><strong>numeria</strong></span> <span class='ocrx_word' id='word_1_261' title='bbox 784 3371 810 3424; x_wconf 88' lang='lat' dir='ltr'>X</span> <span class='ocrx_word' id='word_1_262' title='bbox 824 3378 849 3427; x_wconf 81' lang='lat' dir='ltr'><strong>et</strong></span> <span class='ocrx_word' id='word_1_263' title='bbox 863 3372 901 3424; x_wconf 90' lang='lat' dir='ltr'><strong>XI</strong></span> <span class='ocrx_word' id='word_1_264' title='bbox 920 3374 1051 3442; x_wconf 64' lang='lat' dir='ltr'><strong>aquatis,</strong></span> <span class='ocrx_word' id='word_1_265' title='bbox 1070 3375 1133 3428; x_wconf 75' lang='lat' dir='ltr'><strong>itan</strong></span> 
     </span>
     <span class='ocr_line' id='line_1_37' title="bbox 112 3441 1132 3512; baseline 0.002 -16"><span class='ocrx_word' id='word_1_266' title='bbox 112 3445 210 3510; x_wconf 59' lang='grc' dir='ltr'><strong>Μίνω</strong></span> <span class='ocrx_word' id='word_1_267' title='bbox 229 3443 265 3510; x_wconf 80' lang='lat' dir='ltr'><strong>cf.</strong></span> <span class='ocrx_word' id='word_1_268' title='bbox 280 3443 371 3511; x_wconf 77' lang='lat' dir='ltr'><strong>praef.</strong></span> <span class='ocrx_word' id='word_1_269' title='bbox 386 3441 435 3512; x_wconf 81' lang='lat'><strong>§2</strong></span> <span class='ocrx_word' id='word_1_270' title='bbox 451 3445 456 3510; x_wconf 76' lang='lat' dir='ltr'><strong>l</strong></span> <span class='ocrx_word' id='word_1_271' title='bbox 473 3448 507 3496; x_wconf 79' lang='lat'><strong>21</strong></span> <span class='ocrx_word' id='word_1_272' title='bbox 526 3441 653 3496; x_wconf 81' lang='lat' dir='ltr'><strong>inhibeat</strong></span> <span class='ocrx_word' id='word_1_273' title='bbox 664 3443 700 3508; x_wconf 91' lang='lat' dir='ltr'><strong>P,</strong></span> <span class='ocrx_word' id='word_1_274' title='bbox 719 3458 788 3496; x_wconf 88' lang='lat' dir='ltr'><strong>corr.</strong></span> <span class='ocrx_word' id='word_1_275' title='bbox 803 3443 822 3497; x_wconf 84' lang='lat' dir='ltr'><strong>d</strong></span> <span class='ocrx_word' id='word_1_276' title='bbox 840 3447 935 3510; x_wconf 76' lang='lat' dir='ltr'><strong>ex29,</strong></span> <span class='ocrx_word' id='word_1_277' title='bbox 951 3447 987 3498; x_wconf 87' lang='lat'><strong>15</strong></span> <span class='ocrx_word' id='word_1_278' title='bbox 1002 3447 1058 3512; x_wconf 80' lang='grc'><strong>124</strong></span> <span class='ocrx_word' id='word_1_279' title='bbox 1077 3461 1132 3512; x_wconf 90' lang='lat' dir='ltr'><strong>quo</strong></span> 
     </span>
     <span class='ocr_line' id='line_1_38' title="bbox 112 3511 1133 3580; baseline 0 -12"><span class='ocrx_word' id='word_1_280' title='bbox 112 3514 172 3568; x_wconf 92' lang='lat' dir='ltr'><strong>mil.</strong></span> <span class='ocrx_word' id='word_1_281' title='bbox 193 3530 218 3570; x_wconf 89' lang='lat' dir='ltr'><strong>e.</strong></span> <span class='ocrx_word' id='word_1_282' title='bbox 239 3529 264 3567; x_wconf 93' lang='lat' dir='ltr'><strong>a.</strong></span> <span class='ocrx_word' id='word_1_283' title='bbox 286 3513 464 3568; x_wconf 79' lang='lat' dir='ltr'><strong>coneederint</strong></span> <span class='ocrx_word' id='word_1_284' title='bbox 485 3511 670 3579; x_wconf 86' lang='lat' dir='ltr'><strong>(conciderint</strong></span> <span class='ocrx_word' id='word_1_285' title='bbox 688 3514 725 3580; x_wconf 89' lang='lat' dir='ltr'><strong>P)</strong></span> <span class='ocrx_word' id='word_1_286' title='bbox 745 3511 905 3568; x_wconf 85' lang='lat' dir='ltr'><strong>hominibus</strong></span> <span class='ocrx_word' id='word_1_287' title='bbox 924 3514 1001 3579; x_wconf 90' lang='grc' dir='ltr'><strong>ΗΡ,</strong></span> <span class='ocrx_word' id='word_1_288' title='bbox 1025 3515 1133 3568; x_wconf 71' lang='lat' dir='ltr'><strong>corant</strong></span> 
     </span>
     <span class='ocr_line' id='line_1_39' title="bbox 112 3589 247 3654; baseline 0.007 -14"><span class='ocrx_word' id='word_1_289' title='bbox 112 3601 146 3640; x_wconf 82' lang='lat' dir='ltr'><strong>ea·</strong></span> <span class='ocrx_word' id='word_1_290' title='bbox 165 3589 212 3654; x_wconf 84' lang='lat'><strong>35,</strong></span> <span class='ocrx_word' id='word_1_291' title='bbox 229 3590 247 3640; x_wconf 89' lang='grc'><em>6</em></span> 
     </span>
    </p>
   </div>
   <div class='ocr_carea' id='block_1_6' title="bbox 934 3671 970 3722">
    <p class='ocr_par' dir='ltr' id='par_1_7' title="bbox 934 3671 970 3722">
     <span class='ocr_line' id='line_1_40' title="bbox 934 3671 970 3722; baseline 0 -19"><span class='ocrx_word' id='word_1_292' title='bbox 934 3671 970 3722; x_wconf 77' lang='lat'><strong>1*</strong></span> 
     </span>
    </p>
   </div>
   <div class='ocr_carea' id='block_1_7' title="bbox 0 0 1312 4048">
    <p class='ocr_par' dir='ltr' id='par_1_8' title="bbox 0 0 1312 4048">
     <span class='ocr_line' id='line_1_41' title="bbox 0 0 1312 4048; baseline 0 2"><span class='ocrx_word' id='word_1_293' title='bbox 0 0 1312 4048; x_wconf 95' lang='lat' dir='ltr'><strong> </strong></span> 
     </span>
    </p>
   </div>
  </div>
 </body>
</html>
