2642 4046
463 191 573 246 LIBER
589 191 637 247 III.
666 190 744 250 GAP.
764 198 807 248 17.
1079 193 1142 257 113

197 358 227 422 3.
260 356 371 422 Liuius
400 355 582 440 praefectus
610 355 833 420 Romanorum
862 377 969 420 arcem
997 355 1142 420 Tarenti·

131 468 247 511 norum
279 449 392 510 tenens
425 445 516 509 misit
548 444 591 510 ad
619 444 857 509 Hasdrubalem
884 445 1024 530 legatos,
1053 445 1144 510 abire

131 536 180 598 uti
196 535 258 599 sibi
272 534 426 599 incolumi
440 535 566 598 liceret:
590 533 848 598 assimulatione
872 533 912 597 ad
937 535 1143 599 securitatem

132 623 323 708 perductum
346 623 473 688 hostem
497 622 667 706 eruptione
689 623 777 687 facta
801 621 924 686 cecidit.

196 714 228 778 4.
261 709 318 777 On.
332 711 505 795 Pompeius
530 711 759 776 circumsessus
784 711 825 775 ad
839 710 1052 795 Dyrrachium
1075 732 1142 776 non
1162 724 1177 774 5

129 804 258 866 tantum
290 801 461 866 obsidione
493 800 647 864 liberauit
675 821 765 877 suos,
797 821 910 864 uerum
939 801 1037 865 etiam
1066 805 1143 884 post

132 891 345 975 eruptionem,
368 911 465 973 quam
489 893 673 972 opportuno
698 893 730 952 et
747 889 819 952 loco
840 893 872 953 et
889 892 1036 972 tempore
1058 889 1143 954 fece-

130 977 391 1070 rathansarem
424 977 465 1040 ad
493 977 677 1059 castellum,
705 977 791 1059 quod
815 977 934 1060 duplici
963 976 1142 1041 munitione

130 1069 326 1132 instructum
349 1069 429 1149 erat,
451 1065 547 1129 auide
565 1065 805 1148 inrumpentem
828 1065 969 1130 exterior
991 1067 1061 1148 ipse
1085 1065 1143 1128 cir·

132 1156 296 1220 cumfusus
321 1175 442 1220 corona
464 1153 632 1239 obligauit,
655 1157 693 1217 ut
715 1153 771 1216 ille
794 1153 881 1217 inter
905 1175 959 1218 eos
984 1175 1064 1237 quos
1088 1153 1197 1217 ob-10

132 1244 257 1309 sidebat
289 1246 322 1307 et
349 1263 403 1308 eos
432 1242 487 1326 qui
516 1249 606 1305 extra
630 1241 906 1306 circumuenerant
928 1241 1053 1306 medius
1078 1262 1143 1306 non

132 1332 203 1396 leue
226 1331 406 1416 periculum
430 1333 462 1396 et
485 1330 715 1394 detrimentum
739 1329 884 1394 senserit

198 1420 228 1486 5.
261 1419 393 1485 Flauius
417 1418 562 1483 Fimbria
585 1420 619 1482 in
638 1419 720 1482 Asia
743 1419 828 1503 apud
852 1418 1064 1504 Rhyndacum
1088 1418 1142 1483 ad-

131 1530 260 1573 uersum
290 1509 393 1574 filium
416 1507 628 1590 Mithridatis,
661 1507 803 1572 brachiis
832 1509 872 1572 ab
902 1509 1004 1572 latere
1028 1507 1142 1591 ductis,

131 1596 243 1662 deinde
281 1598 369 1662 fossa
400 1597 435 1661 in
466 1596 575 1662 fronte
607 1618 779 1681 percussa,
809 1597 954 1681 quietum
986 1597 1020 1660 in
1053 1596 1140 1661 uallo
1164 1613 1195 1662 15

130 1687 269 1750 militem
301 1686 422 1770 tenuit,
453 1686 555 1750 donec
585 1685 715 1750 hostilis
740 1686 902 1770 equitatus
926 1685 1064 1749 intraret
1087 1707 1141 1749 an·

130 1776 254 1859 gustias
274 1776 562 1840 munimentorum:
586 1779 663 1839 tunc
683 1775 852 1858 eruptione
872 1775 959 1838 facta
977 1796 1033 1838 sex
1052 1773 1144 1838 milia

130 1885 243 1928 eorum
267 1863 391 1929 cecidit.

197 1954 227 2017 6.
255 1950 289 2017 (l.
314 1948 434 2016 Gaesar
456 1951 491 2014 in
515 1950 635 2033 Gallia,
663 1950 778 2014 deletis
810 1951 851 2014 ab
875 1949 1065 2035 Ambiorige
1090 1950 1144 2015 Ti-

129 2040 208 2105 turii
223 2039 337 2105 Sabini
352 2043 384 2104 et
398 2037 514 2105 Cottae
537 2040 722 2124 legatorum
737 2038 847 2122 copiis,
870 2060 944 2102 oum
967 2062 986 2104 a
1002 2037 1037 2114 Q.
1057 2037 1143 2104 Oice-
1162 2057 1197 2105 20

129 2149 224 2212 rona,
256 2129 313 2213 qui
343 2131 376 2192 et
404 2129 474 2211 ipse
503 2126 769 2211 oppugnabatur,
799 2127 918 2192 certior
942 2127 1046 2191 factus
1071 2149 1143 2192 cum

130 2217 256 2280 duabus
279 2215 464 2302 legionibus
489 2216 695 2298 aduentaret‚
718 2216 881 2280 conuersis
904 2215 1054 2280 hostibus
1078 2237 1142 2280 me-

130 2314 200 2368 tum
219 2304 386 2368 simulauit
403 2304 587 2387 militesque
606 2304 638 2367 in
659 2302 783 2387 castris,
807 2325 887 2386 quae
906 2305 1028 2369 artiora
1046 2304 1143 2369 solito

130 2391 292 2457 industria
318 2393 453 2475 facerat,
483 2393 595 2456 tenuit
641 2391 728 2456 Galli
755 2396 963 2477 praesumpta
989 2393 1056 2457 iam
1079 2393 1143 2458 uio·

130 2481 217 2545 toria
247 2483 337 2546 uelut
367 2481 407 2545 ad
434 2480 590 2565 praedam
620 2485 802 2544 castrorum
834 2481 1003 2547 tendentes
1034 2481 1142 2546 fossas
1162 2500 1197 2546 as

129 2570 254 2654 inplere
278 2574 310 2634 et
333 2571 456 2635 uallum
479 2570 647 2634 detrahere
666 2574 855 2653 coeperunt:
879 2591 941 2654 qua
964 2592 998 2634 re
1021 2570 1144 2654 proelio

130 2658 239 2743 <non>
268 2662 397 2743 aptatos
421 2655 542 2724 (laesor
570 2659 687 2724 emisso
715 2662 846 2743 repente
874 2659 1014 2743 undique
1041 2658 1145 2723 milite
1235 2661 1238 2668 '

127 2747 313 2813 trucidauit.
1205 2743 1208 2750 ’

199 2838 226 2901 7.
267 2836 410 2901 Titurius
441 2835 580 2901 Sabinus
613 2837 767 2902 aduersus
800 2835 967 2901 Gallorum
999 2836 1144 2920 amplum

130 2926 307 2990 exercitum
331 2926 524 2990 continendo
549 2925 686 2990 militem
709 2925 797 2989 intra
824 2927 1026 2990 munimenta
1052 2947 1143 3009 prae·
1164 2941 1198 2990 30

203 3069 217 3116 1
241 3063 338 3118 Liuius
356 3065 416 3119 edd.
442 3061 526 3118 Velus
545 3063 623 3118 HP:
638 3065 681 3131 cf.
697 3080 728 3133 p.
743 3068 789 3131 93,
804 3068 842 3120 24
863 3063 866 3133 l
892 3070 908 3117 2
929 3063 970 3117 uti
995 3062 1072 3118 abire
1092 3062 1143 3134 Pl

129 3141 145 3189 3
164 3133 195 3188 in
212 3133 347 3189 incolumi
361 3135 394 3188 Η
407 3137 412 3202 Ι
436 3140 451 3187 b
471 3133 668 3190 circumsessus
682 3136 702 3189 d
720 3135 913 3188 circumsessos
928 3134 962 3187 H
965 3133 993 3187 P
1007 3137 1011 3201 Ι
1028 3140 1043 3188 7
1063 3149 1144 3203 erup·

127 3205 206 3260 tione
221 3205 337 3275 Lipsiae
357 3210 361 3272 l
386 3211 418 3260 13
437 3203 621 3275 Rhyndacum
636 3207 655 3260 d
677 3206 835 3261 rintbacum
850 3205 884 3258 H
898 3205 1075 3260 rhidinaoum
1091 3204 1119 3258 P
1137 3206 1143 3286 J

129 3277 299 3332 aduersusd
320 3278 326 3347 1
352 3282 385 3330 14
404 3276 485 3346 aPl
512 3282 544 3331 17
564 3279 625 3331 turn
643 3277 714 3332 Ded.
735 3279 739 3343 1
767 3281 799 3331 19
818 3274 981 3331 ubambiore
999 3275 1059 3346 geti
1077 3276 1145 3330 itum

127 3346 251 3402 insabini
261 3348 295 3401 H
310 3348 394 3402 abam
408 3347 530 3416 buorege
544 3346 636 3402 titurii
651 3347 742 3401 sabini
752 3346 784 3412 P,
801 3363 870 3402 corr.
885 3347 945 3403 edd.
962 3349 966 3416 Ι
983 3345 1144 3416 Ambiorige

128 3433 195 3488 rege
214 3419 233 3473 d
249 3419 253 3488 Ι
274 3424 309 3472 20
328 3417 428 3487 quinto
447 3419 512 3472 ΗΡ
535 3423 539 3486 Ι
568 3425 602 3474 23
622 3420 729 3474 artiora
747 3417 825 3472 Slew.
845 3419 904 3474 coll.
925 3417 1000 3474 Gaas.
1019 3420 1043 3473 b.
1065 3419 1099 3474 G.
1114 3422 1145 3484 5,

127 3493 213 3557 49,7
240 3488 379 3559 ampliora
397 3489 432 3543 H
436 3489 463 3542 P
488 3488 653 3558 angustiora
674 3489 743 3544 Oad.
769 3493 773 3558 Ι
799 3495 833 3545 77
859 3507 914 3544 non
937 3491 1050 3560 aptatos
1073 3490 1144 3544 Ded.

128 3561 188 3616 coll.
200 3577 230 3628 p.
245 3563 340 3626 26,13
360 3562 470 3631 aptatos
484 3560 520 3615 H
522 3560 550 3614 P
567 3563 718 3631 occupatos
735 3561 803 3616 Oud·
824 3560 968 3630 inparatos
988 3561 1083 3616 Wasse

182 3659 324 3700 necamus
339 3659 374 3700 ed.
388 3659 557 3701 Gundermann.
915 3655 931 3705 8
