2616 4048
198 219 241 286 68
402 219 477 276 IULI
494 217 671 276 FRONTINI
692 215 1016 274 srsssrmmmuou

197 383 238 448 de
271 381 405 467 Pompei
442 382 587 447 exercitu
623 381 743 446 smisso
782 385 815 445 et
853 380 963 445 omnis
995 379 1210 464 inpedimenta

198 472 313 538 Liuius
336 475 450 536 ructor
473 475 532 535 est.

265 559 321 625 32.
352 559 528 644 Pompeius
550 559 585 622 iu
608 557 785 642 Hisponis,
807 557 977 642 dispositis
999 561 1079 623 unte
1100 559 1155 642 qui
1175 581 1211 624 er

199 649 328 714 oeculto
357 647 625 734 adgrederentur,
651 646 806 712 simulato
829 651 918 712 metu
941 646 1075 712 deduxit
1096 645 1211 712 insten-

164 741 267 806 otom
285 737 414 802 hostem
432 737 467 802 iu
490 737 563 802 loeo
585 736 726 801 insesso:
760 735 887 820 deinde,
904 736 961 800 ubi
981 757 1035 800 res
1058 738 1212 820 poposcit,

199 846 376 891 conuersus
403 835 437 890 et
458 825 493 888 in
514 823 625 890 fronte
648 829 682 889 et
704 825 851 909 utrisque
874 825 1032 890 luteribus
1055 825 1097 888 sd
1120 826 1213 890 inter-

199 913 361 980 nioionem
388 913 519 998 cecidit,
547 919 644 998 oepto
671 914 772 978 etism
798 914 880 979 duee
906 935 1019 980 eorum
1045 912 1214 998 Perperuu
1275 919 1276 926 Ι

267 1003 320 1069 33.
356 1002 449 1068 Idem
477 1002 635 1068 aduersus
662 1001 878 1069 Mithridaten
904 1003 940 1067 in
963 1001 1134 1082 Armenia,
1162 1025 1216 1068 nu·

201 1113 292 1158 mero
312 1097 345 1157 et
364 1113 481 1178 genere
500 1092 647 1178 equitum
664 1092 923 1174 praeualentem,
945 1092 1011 1156 trie
1027 1091 1119 1156 milia
1137 1092 1216 1158 leuis

148 1201 183 1252 ιο
201 1187 387 1248 armatum
410 1185 443 1246 et
466 1181 496 1246 D
519 1181 644 1265 equites
672 1184 770 1245 noete
796 1181 833 1244 iu
859 1181 948 1245 nulio
969 1180 1031 1245 sub
1054 1179 1216 1264 uirgultis,

203 1291 286 1356 ques
308 1271 396 1335 inter
418 1271 497 1336 bina
519 1273 628 1334 oestro
651 1272 757 1353 eruut,
779 1269 950 1354 disposuit
977 1269 1087 1353 primu
1104 1268 1218 1335 deinde

200 1359 272 1424 luee
290 1359 325 1422 in
344 1359 520 1423 stationem
538 1357 684 1422 hostium
703 1358 813 1422 emisit
836 1360 960 1440 equites
981 1357 1031 1422 its
1051 1358 1221 1444 formatos,

200 1449 251 1529 ut,
283 1467 357 1510 oum
388 1447 560 1512 uniuersus
593 1467 667 1510 oum
698 1447 843 1511 exercitu
875 1447 1023 1514 hostium
1054 1447 1220 1531 equitatus

202 1533 362 1619 proelium
384 1534 516 1619 inisset,
539 1535 678 1599 seruatis
698 1535 866 1600 ordinibus
884 1537 1044 1620 paulatim
1062 1535 1223 1622 oederent,

149 1642 183 1692 15
202 1623 303 1688 donee
335 1623 478 1707 spatium
511 1624 627 1688 durent
658 1624 875 1711 consurgendi
906 1647 926 1689 e
954 1629 1050 1710 tergo
1083 1624 1126 1691 ob
1158 1625 1223 1693 hoc

201 1711 378 1797 dispositis.
415 1711 501 1796 quod
525 1715 700 1797 postquem
724 1735 763 1778 ex
785 1715 947 1778 sententia
965 1713 1120 1800 contigit,
1145 1735 1225 1780 oon-

201 1801 305 1866 uersis
333 1800 389 1885 qui
411 1805 506 1887 terge
528 1801 654 1866 dedisse
681 1801 891 1888 uidebuntur,
919 1803 1062 1869 medium
1090 1803 1226 1870 hostem
1303 1820 1304 1850 Ι

201 1889 418 1974 trepidantem
442 1889 573 1974 eeeidit,
596 1891 686 1974 ipsos
710 1891 810 1956 etiem
833 1913 934 1976 equos
957 1892 1066 1977 pedite
1089 1894 1227 1958 eommi·
1304 1907 1306 1940 Ι

201 1999 264 2044 nus
288 1978 459 2045 assedente
487 1977 645 2045 confodit:
676 2001 779 2065 eoque
806 1981 931 2065 proelio
959 1980 1113 2046 fiduciam
1142 1983 1227 2068 regi,

149 2083 183 2136 20
203 2089 300 2152 quem
324 2067 358 2132 in
381 2068 585 2153 equestribus
609 2069 711 2152 oopiis
734 2069 891 2151 habebut,
914 2069 1064 2136 detrusit

270 2157 322 2224 34.
364 2155 500 2224 Crassus
533 2158 619 2224 bello
652 2157 868 2242 fugitiuorum
900 2159 987 2244 apud
1018 2159 1228 2225 Cantennam

203 2245 282 2314 bino
310 2249 418 2312 oestro
446 2248 624 2314 eomminus
653 2269 727 2312 oum
753 2247 898 2312 hostium
926 2248 1040 2312 cestris
1072 2247 1228 2314 uallauit.

203 2340 298 2402 noete
326 2335 441 2401 deiude
469 2337 640 2402 oommotis
669 2337 786 2420 oopiis,
811 2340 965 2400 monente
992 2337 1160 2420 praetorio
1189 2337 1229 2401 in

203 2425 382 2492 maioribus
411 2426 540 2510 eastris,
568 2430 605 2490 ut
632 2425 824 2490 fallerentur
852 2425 978 2506 hostes,
1011 2426 1080 2510 ipse
1109 2446 1229 2491 omnes

150 2529 185 2580 eo
203 2514 314 2599 eopius
338 2513 450 2580 eduxit
473 2519 505 2580 et
527 2517 562 2580 in
584 2514 748 2579 redioibus
772 2514 933 2598 praedicti
955 2513 1077 2580 montis
1100 2513 1229 2580 eonsti-

203 2603 281 2684 tuit;
313 2601 480 2686 diuisoque
505 2603 653 2687 equitatu
675 2603 842 2686 praecepit
863 2602 899 2667 L.
918 2603 1066 2687 Quintio,
1094 2606 1230 2687 purtem

205 2687 360 2774 Spertueo
394 2689 536 2755 obiceret
563 2711 737 2775 pugnoque
766 2711 840 2755 eum
868 2691 1097 2776 frustraretur,
1128 2695 1231 2776 purte

205 2777 270 2842 elio
293 2775 406 2842 Gallos
430 2775 673 2863 Germanosque
698 2799 736 2843 ex
760 2779 901 2855 faotione
921 2779 1011 2846 Cesti
1035 2784 1068 2845 et
1087 2778 1231 2847 Cannici

206 2865 338 2932 elieeret
364 2866 405 2932 ed
432 2887 577 2954 pugnum
606 2873 639 2932 et
664 2867 744 2954 fuge
771 2870 925 2934 simulate
951 2869 1137 2954 deduceret,
1166 2869 1232 2934 ubi

278 3026 435 3154 rpompeii
454 3023 489 3080 H
514 3027 519 3096 Ι
549 3025 677 3096 oposeit
694 3025 728 3080 H
753 3029 758 3094 Ι
788 3025 964 3080 uoonuersis
984 3025 1061 3094 ΗΡ,
1080 3026 1193 3082 sured
1224 3027 1229 3095 Ι

206 3096 308 3154 interni
323 3095 416 3153 ionem
435 3096 470 3153 H
474 3097 518 3150 1Ρ
534 3095 750 3152 intemetiousm
764 3098 783 3152 h
798 3099 802 3165 Ι
819 3101 835 3150 8
854 3094 1018 3151 mitridates
1036 3097 1071 3150 H
1082 3100 1087 3165 Ι
1103 3103 1119 3152 9
1138 3112 1232 3166 gene-

205 3167 282 3224 ribus
297 3170 319 3238 (i
334 3185 367 3226 eo
381 3187 396 3226 e
411 3171 440 3238 h)
456 3169 490 3224 H
531 3169 713 3240 praeualente
733 3167 779 3236 ΡΙ
797 3171 826 3221 11
849 3165 915 3220 uine
929 3165 964 3222 H
970 3167 979 3198 ¹
996 3167 1151 3224 uimiueeis
1167 3169 1171 3234 Ι
1193 3173 1231 3222 12

206 3237 327 3296 statione
338 3239 382 3310 ΡΙ
398 3241 476 3296 misit
536 3241 540 3312 Ι
557 3240 727 3294 formatosd
744 3238 870 3292 firmatos
884 3238 961 3308 ΗΡΙ
979 3243 1012 3292 15
1031 3239 1080 3309 ob]
1101 3239 1137 3293 ab
1156 3239 1193 3292 H
1195 3238 1205 3270 ¹
1224 3239 1229 3308 Ι

208 3313 241 3366 18
260 3314 323 3366 aute
341 3311 436 3380 pedite
455 3313 486 3366 io
500 3311 534 3366 H
549 3312 620 3366 duae
638 3311 690 3366 litt.
709 3325 802 3365 erascae
819 3312 823 3377 Ι
840 3315 873 3363 19
886 3310 948 3379 regi
967 3311 1064 3380 quum]
1083 3308 1232 3378 reliquum

206 3381 257 3448 ΗΙ
273 3385 306 3436 21
327 3383 457 3438 ostonem
475 3383 519 3438 uei
537 3381 719 3438 outheuemd
735 3380 739 3454 Ι
755 3385 789 3434 23
809 3381 956 3436 commotis
975 3397 1026 3436 uos
1044 3379 1233 3435 commutetis

207 3451 271 3508 ΗΡ
285 3451 499 3508 communicetis
522 3454 567 3509 uel
590 3450 768 3510 communitis
786 3453 805 3506 d
824 3451 978 3506 coniunctis
999 3451 1069 3506 Oud.
1086 3455 1090 3519 Ι
1107 3457 1141 3505 26
1159 3466 1231 3519 pur-

205 3525 265 3579 tem
283 3523 301 3579 ir
317 3527 320 3591 Ι
337 3527 371 3579 27
390 3540 570 3594 pugnumque
589 3541 651 3580 eum
662 3524 694 3578 H
707 3527 711 3591 Ι
727 3529 761 3578 28
781 3520 896 3593 gunuioi
915 3523 944 3577 P
958 3523 962 3595 Ι
978 3527 1012 3577 29
1032 3522 1150 3592 eligeret
1164 3521 1203 3575 H
1225 3523 1229 3593 Ι

206 3595 274 3665 fuge
293 3593 363 3650 Oud.
387 3609 482 3664 pugne
500 3593 565 3648 ΗΡ
