2642 4046
171 211 212 275 78
374 209 451 264 lULl
469 206 646 265 FRONTINI
666 205 987 264 STRATEGEMATON

235 375 266 438 4.
292 371 473 438 11111111
497 369 655 438 Camillus
679 370 831 436 tribunus
856 370 998 436 militnm
1022 371 1185 436 consulari

168 464 345 547 potestate,
374 464 545 526 cunctante
574 459 729 543 exercitu,
762 462 930 545 arreptum
959 481 1058 525 manu
1086 460 1186 546 signi·

167 551 273 616 ferum
306 551 341 616 in
371 551 485 614 hostes
512 548 651 614 Volscos
684 552 717 614 et
745 547 881 615 Latinos
914 549 1027 614 traxit:
1061 553 1184 615 ceteros

167 640 284 724 puduit
306 661 372 704 non
396 639 497 722 sequi.

114 736 149 798 ‘o
238 727 282 808 [ὃ.
309 725 440 792 Saluius
463 726 618 810 Pelignus
642 726 728 790 bollo
752 725 883 792 Persico
906 725 994 791 idem
1017 722 1116 809 fecit]

236 817 266 881 6.
295 815 338 881 M.
352 815 469 881 Furius
493 825 609 881 auerso
628 814 784 898 exercitu,
804 835 878 880 cum
898 815 1107 900 occurrisset,
1130 815 1184 879 ad·

167 905 309 972 firmauit
336 926 403 969 non
425 908 632 988 recepturum
651 925 685 968 se
709 905 744 968 in
768 908 877 970 castra
901 925 1096 990 quemquam
1119 904 1185 968 nisi

167 995 337 1060 uictorem:
364 993 570 1077 reductisque
596 993 632 1057 in
661 993 762 1057 aciem
794 993 932 1058 uictoria
964 993 1089 1076 potitus
1126 996 1184 1059 est.

236 1084 264 1148 7.
298 1081 407 1166 Scipio
436 1081 521 1166 apud
549 1079 777 1165 Numantiam,
810 1102 882 1146 cum
912 1103 1062 1146 auersum
1089 1103 1185 1147 suum

116 1192 148 1240 10
167 1172 294 1237 uideret
308 1173 493 1250 exercitum,
507 1170 732 1254 pronuntiauit
749 1191 809 1254 pro
829 1169 924 1236 hoste
944 1170 1007 1236 sibi
1029 1170 1184 1256 futurum,

168 1261 312 1345 quisquis
336 1261 370 1325 in
393 1263 501 1325 castra
524 1257 670 1324 redisset.
932 1271 939 1282 ·

235 1350 264 1414 8.
295 1347 450 1414 Seruilius
474 1347 603 1414 Priscus
628 1347 780 1432 dictator,
804 1369 876 1412 cum
899 1347 993 1432 signa
1016 1348 1182 1433 legionum

166 1436 244 1502 ferri
266 1438 302 1501 in
323 1438 429 1502 hostis
453 1435 599 1502 Faliscos
622 1437 783 1521 iussisset,
815 1435 1007 1522 signiferum
1030 1441 1182 1502 cunctan-

165 1528 233 1590 tem
257 1525 362 1590 occidi
384 1526 573 1609 imperauit:
602 1547 665 1610 quo
694 1526 842 1609 exemplo
866 1525 1032 1610 perterriti
1054 1525 1183 1592 hostem

115 1633 146 1682 15
165 1614 367 1680 inusserunt.

235 1704 278 1784 [9.
315 1700 435 1768 Cossus
465 1699 635 1767 Cornelius
663 1701 821 1786 magister
850 1701 996 1788 equitum
1027 1702 1183 1768 aduersus

165 1791 340 1856 Fidenates
363 1791 449 1856 idem
472 1790 573 1872 fecit]

235 1882 285 1946 10.
316 1880 513 1965 Tarquinius
538 1880 693 1945 aduersus
716 1876 857 1945 Sabinos
881 1882 1070 1945 cunctantes
1094 1881 1183 1965 equi·

165 1973 215 2034 tes
252 1969 406 2035 detractis
434 1969 536 2034 frenis
573 1967 808 2053 concitatisque
847 1970 938 2052 equis
975 1990 1183 2054 perrumpere

113 2076 146 2126 20
166 2058 269 2124 aciem
293 2059 399 2124 iussit.

235 2149 284 2213 11.
307 2147 351 2213 M.
365 2146 487 2212 Atilius
507 2147 621 2212 consul
644 2146 731 2211 bello
751 2144 928 2212 Samnitico
949 2167 988 2210 ex
1007 2146 1074 2212 acie
1096 2146 1182 2211 refu-

166 2236 329 2322 gientibus
357 2237 391 2301 in
418 2240 526 2302 castra
549 2235 708 2301 militibus
733 2235 838 2300 aciem
862 2257 994 2300 suorum
1018 2236 1182 2321 opposuit,

95 2335 100 2345 '
165 2327 338 2390 adfirmans
357 2347 466 2391 secum
485 2329 518 2389 et
536 2325 630 2390 bonis
649 2325 774 2391 ciuibus
793 2323 1005 2389 dimicaturos
1028 2346 1094 2408 eos,
1116 2324 1181 2389 nisi

165 2437 237 2480 cum
252 2413 622 2490 hostibusmaluissent:
641 2435 679 2479 aa
696 2413 822 2478 ratione
841 2413 1013 2479 uniuersos
1029 2413 1064 2477 in
1078 2413 1183 2479 aciem

111 2520 145 2568 25
164 2503 301 2568 reduxit.

234 2592 284 2656 12.
316 2589 354 2656 L.
378 2589 483 2675 Sulla,
511 2589 696 2655 cedentibus
723 2590 790 2654 iam
818 2590 1001 2675 legionibus
1025 2591 1181 2656 exercitui

235 2807 250 2854 2
271 2798 423 2854 exercitum
441 2799 493 2869 Hl
514 2801 653 2855 arrectum
667 2798 703 2853 H
706 2800 742 2868 P,
762 2816 831 2855 corr.
846 2800 884 2868 dl
906 2806 922 2854 3
941 2800 1034 2856 ulscos
1053 2799 1097 2856 H¹
1116 2801 1181 2855 uul-

163 2872 261 2926 sccsb
285 2871 290 2940 1
315 2877 401 2926 tuos
419 2871 454 2924 H
480 2872 484 2941 l
508 2871 693 2939 teroemplum
711 2872 846 2926 alienum:
864 2872 899 2939 cf.
913 2873 1006 2941 praef.
1064 2877 1098 2938 9,·
1116 2875 1182 2928 aute

160 2944 242 3013 prius
260 2944 411 3012 aucupiam
424 2943 521 3010 posuit
541 2941 611 2997 Oud.
630 2943 689 2999 coll.
709 2942 784 2998 Plut.
804 2943 879 2998 Arm.
899 2945 938 2998 20
962 2943 967 3010 Ι
998 2948 1013 2997 6
1065 2945 1084 3012 .]
1104 2942 1180 2998 Mar·

163 3031 211 3069 cus
232 3013 348 3069 (iidem
369 3013 461 3082 Occi!
482 3029 580 3068 auerso
600 3016 723 3070 exercitu
741 3015 760 3069 d
779 3013 898 3068 aduerso
917 3012 1041 3068 exercitu
1061 3014 1115 3069 GP
1130 3013 1180 3068 ad-

161 3092 245 3140 uersu
264 3086 387 3140 exercitu
403 3085 443 3153 H,
461 3085 507 3140 sed
525 3085 639 3156 cirpulc
658 3087 699 3140 bis
717 3087 749 3140 ia
767 3086 807 3139 lit.
837 3087 841 3152 Ι
870 3083 1026 3140 8uictoria
1046 3084 1108 3140 011
1128 3089 1132 3153 Ι
1163 3091 1180 3140 9

161 3173 225 3211 cum
240 3186 273 3197 -
288 3155 409 3230 uideret]
433 3173 483 3212 om.
503 3156 548 3210 Η1
575 3173 639 3210 cum
658 3156 828 3211 aduersuslr
855 3155 1049 3212 aduersumO
1084 3161 1116 3210 12
1136 3155 1180 3210 si-

160 3227 246 3280 uilius
265 3228 338 3294 ΗΡ,
357 3245 404 3282 em.
428 3227 487 3282 Ser.
507 3228 565 3283 coll.
585 3227 652 3282 Liu.
672 3233 698 3294 4,
718 3231 817 3294 46,10
838 3228 843 3295 Ι
870 3232 902 3281 13
921 3226 1003 3282 ferrit
1021 3228 1056 3282 H
1092 3227 1181 3282 ferret

160 3299 178 3352 h
199 3298 203 3369 Ι
224 3298 320 3352 hostes
339 3299 367 3352 P
385 3299 388 3370 l
411 3303 445 3352 14
463 3298 604 3367 perterriti
624 3298 748 3352 ceterid
777 3299 781 3367 Ι
812 3303 845 3352 16
869 3299 1019 3368 exemplum
1042 3298 1179 3353 alienum:

160 3369 195 3436 cf.
210 3370 302 3438 praef.
321 3369 341 3439 ἕ
360 3372 392 3438 9,·
405 3375 470 3439 post
488 3372 630 3440 insequens
647 3370 798 3438 caecrplam
811 3371 907 3439 poscit
923 3369 992 3424 Oud.
1017 3370 1076 3424 coll.
1096 3367 1179 3424 Flor.

160 3444 287 3507 1,11‚3
317 3442 321 3509 1
352 3445 385 3494 19
403 3457 565 3510 procurrere
585 3441 614 3494 et
631 3456 812 3510 perrumpere
830 3441 889 3496 edd.
915 3443 920 3509 Ι
949 3445 983 3495 22
1003 3440 1092 3494 aciem
1116 3456 1180 3494 suo-

159 3511 236 3581 rum]
256 3510 382 3578 equitum
401 3510 552 3566 stationem
574 3511 643 3567 Oud.
662 3513 722 3568 coll.
741 3511 809 3568 Lac.
828 3517 874 3579 10,
892 3517 937 3579 36,
956 3513 1045 3580 6113
1065 3513 1094 3566 et
1113 3527 1178 3565 cum

160 3581 241 3636 bonis
274 3582 321 3651 dl
354 3587 388 3636 16
406 3583 437 3637 L.
457 3598 507 3637 om.
527 3583 562 3637 Η
