2616 4048
159 224 182 286 4
365 223 440 278 IULI
457 221 634 278 FRONTINI
654 221 979 280 STRATEGEMATON

322 513 327 522 '
378 435 399 490 I.
428 435 475 489 DE
496 432 749 490 OCCULTANDIS
769 431 955 490 CONSILIIS.

231 564 258 626 1.
287 561 331 627 M.
354 560 488 626 Porcius
512 559 593 627 Oato
622 560 767 626 deuictae
791 582 810 625 a
834 582 868 625 se
892 559 1071 644 Hispaniae
1099 561 1177 626 ciui·

162 656 247 717 tates
272 650 481 715 existimabat
504 650 538 713 in
561 654 708 734 tempore
731 650 945 714 rebellatores
967 649 1085 715 fiducia
1108 672 1177 715 mu·

161 762 281 806 rorum.
306 739 435 822 scripsit
447 738 559 822 itaque
573 739 722 822 singulis,
737 742 773 803 ut
787 738 952 802 diruerent
965 738 1177 821 munimenta,

127 829 305 896 ominatos
333 828 469 910 bellum,
498 827 563 892 nisi
591 827 762 892 confestim
791 828 1085 910 obtemperassent,
1113 827 1179 911 epi·

163 919 330 1000 stulasque
353 917 512 981 uniuersis
537 915 724 980 ciuitatibus
749 915 860 981 eodem
884 916 935 980 die
954 915 1044 980 reddi
1066 917 1177 981 iussit:

163 1026 374 1090 unaquaeque
397 1004 526 1070 urbium
550 1005 613 1069 sibi
633 1005 694 1069 soli
713 1004 848 1069 credidit
870 1004 1080 1090 imperatum,
1105 1027 1179 1070 con-

163 1100 308 1160 tumaees
337 1093 536 1179 conspiratio
564 1094 672 1178 potuit
703 1093 823 1178 facere,
856 1094 884 1158 si
913 1092 1064 1158 omnibus
1091 1093 1179 1158 idem

164 1181 348 1249 denuntiari
370 1188 484 1248 notum
508 1182 632 1247 fuisset.

112 1292 145 1340 10
232 1275 261 1337 2.
284 1271 427 1336 Himilco
450 1272 515 1336 dux
533 1271 728 1354 Poenorum,
750 1275 788 1335 ut
809 1271 844 1335 in
868 1267 1011 1335 Siciliam
1033 1270 1178 1355 inopina·

164 1364 218 1425 tus
247 1361 425 1444 appelleret
452 1361 603 1442 classem,
631 1382 697 1424 non
724 1359 962 1443 pronuntiauit,
990 1380 1053 1443 quo
1081 1361 1180 1444 profi-

166 1448 353 1531 cisceretur,
372 1448 428 1512 sed
447 1448 599 1531 tabellas,
619 1449 653 1511 in
672 1448 788 1532 quibus
808 1447 965 1531 scriptum
985 1449 1062 1532 erat,
1082 1470 1180 1532 quam

166 1542 294 1620 partem
331 1537 398 1620 peti
433 1536 548 1620 uellet,
586 1536 746 1600 uniuersis
783 1536 1055 1620 gubernatoribus
1093 1537 1181 1601 dedit

167 1627 314 1711 signatas
338 1624 579 1709 praecepitque,
606 1646 647 1689 ne
671 1623 744 1708 quis
768 1625 892 1709 legeret
914 1626 978 1690 nisi
1000 1625 1036 1689 ui
1059 1629 1180 1710 tempe·

114 1715 261 1784 rostatis
285 1737 305 1778 a
327 1735 423 1778 cursu
446 1714 628 1797 praetoriae
650 1715 744 1778 nauis
768 1713 935 1778 abductus.

233 1803 263 1867 3.
286 1801 320 1868 Ο.
333 1802 473 1885 Laelius,
492 1802 532 1866 ad
549 1800 729 1886 Syphacem
748 1802 911 1886 profectus
931 1804 1069 1887 legatus,
1088 1823 1182 1885 quos·

166 1892 241 1955 dam
265 1912 304 1954 ex
322 1891 462 1956 tribunis
486 1894 519 1955 et
537 1891 780 1956 centurionibus
804 1913 862 1976 per
880 1893 1020 1975 speeiem
1044 1891 1182 1956 seruitu-

166 1981 209 2044 tis
234 2002 271 2045 ac
294 1979 467 2045 ministerii
491 1981 714 2064 exploratores
740 2002 847 2045 secum
871 1981 977 2045 duxit:
1002 1981 1181 2063 exquibus

165 2068 201 2134 L.
216 2067 409 2153 Statorium,
428 2067 484 2153 qui
507 2069 637 2153 saepius
660 2069 694 2133 in
717 2068 821 2133 isdem
845 2068 961 2133 castris
979 2068 1086 2134 fuerat
1104 2069 1181 2151 <et>

113 2176 147 2224 20
167 2179 263 2242 quem
282 2157 413 2241 quidam
433 2180 472 2222 ex
489 2158 639 2223 hostibus
658 2157 852 2222 uidebantur
871 2177 1059 2242 agnoscere,
1078 2158 1182 2222 occul·

166 2247 286 2312 tendas
310 2247 509 2312 condicionis
533 2246 601 2312 eiua
626 2269 724 2312 causa
747 2246 862 2311 baculo
881 2250 919 2310 ut
937 2268 1067 2311 seruum
1087 2247 1183 2311 casti·

167 2337 268 2420 gauit.

232 2425 263 2490 4.
286 2425 480 2508 Tarquinius
498 2421 663 2508 Superbus
682 2428 784 2507 pater,
803 2423 966 2508 principes
982 2423 1182 2489 Gabinorum

166 2513 405 2578 interficiendos
425 2512 612 2595 arbitratus,
631 2513 706 2596 quia
724 2511 786 2576 hoe
804 2512 929 2576 nemini
942 2512 1078 2576 uolebat
1096 2533 1183 2576 oom-

113 2619 147 2666 25
168 2602 317 2685 missum,
350 2601 435 2664 nihil
461 2602 579 2665 nuntio'
604 2599 785 2682 respondit,
815 2601 871 2683 qui
898 2600 938 2664 ad
966 2622 1039 2664 eum
1067 2623 1087 2665 a
1113 2601 1182 2665 filio

167 2693 239 2754 erat
252 2691 385 2771 missus,
404 2693 533 2754 tantum
548 2688 642 2771 uirga
657 2687 832 2753 eminentia
850 2711 1050 2773 papauerum
1065 2689 1183 2774 capita,

241 2890 254 2935 1
275 2881 399 2937 ooculdis
418 2880 463 2934 Η1
483 2881 487 2948 1
513 2885 528 2932 3
548 2879 748 2935 existimabant
765 2881 800 2934 H
814 2885 878 2936 ante
895 2897 950 2936 ras.
972 2884 976 2950 Ι
1002 2887 1018 2936 5
1038 2880 1184 2950 epistolas-

168 2969 221 3022 que
240 2953 285 3019 H,
311 2954 358 3008 sed
376 2953 423 3007 alt.
443 2968 458 3006 e
477 2953 508 3006 ia
526 2967 581 3006 ros.
601 2952 721 3006 duarum
740 2951 791 3007 litt.
810 2953 829 3006 b
853 2954 858 3019 Ι
889 2957 903 3005 7
923 2967 1125 3022 unaquaequae
1143 2951 1184 3018 H,

166 3026 213 3078 sed
227 3025 308 3090 prior
327 3040 343 3078 e
361 3025 393 3078 in
410 3039 466 3078 ras.
485 3022 523 3092 tt
546 3022 636 3077 credit
656 3021 738 3090 GH!
755 3024 863 3093 aliquid
880 3023 925 3078 tic
943 3024 1075 3078 eccidisse
1093 3024 1184 3078 imme-

167 3098 222 3150 rito
240 3095 400 3164 suspicatur
415 3094 486 3150 Orod.
503 3096 507 3162 Ι
524 3099 557 3147 10
576 3093 718 3148 Himilcho
738 3095 764 3148 G
780 3093 784 3165 Ι
800 3093 953 3163 inopinatis
972 3094 1037 3164 H¹t
1061 3101 1092 3148 11
1113 3094 1185 3148 clas-

168 3183 227 3221 sem
237 3167 263 3220 G
282 3165 395 3221 classim
410 3166 437 3218 P
454 3163 617 3234 appelleret.
632 3164 716 3219 classi
730 3165 805 3219 enim
819 3164 920 3219 nonH
931 3168 936 3230 Ι
953 3171 987 3219 14
1000 3165 1186 3234 tempeiasset

167 3237 347 3308 tempestatis
367 3236 418 3308 Gt
449 3243 482 3291 16
505 3237 615 3305 legatos
633 3236 709 3304 ΗΡ,
732 3237 840 3291 caract
867 3236 977 3306 legatus
1000 3235 1091 3292 lectos
1113 3235 1184 3292 Oud.
1266 3277 1275 3290 .

170 3309 228 3364 coll.
244 3314 270 3375 1,
280 3313 335 3375 2,1
354 3313 379 3363 et
393 3307 459 3363 Liu.
475 3311 521 3376 30,
534 3311 552 3362 4
568 3309 573 3377 Ι
590 3313 622 3362 17
643 3308 694 3378 ex]
710 3323 726 3362 e
740 3307 772 3360 iu
785 3323 840 3362 ros.
853 3308 973 3362 ducrum
987 3308 1039 3362 litt.
1054 3309 1073 3362 h
1091 3308 1120 3362 et
1135 3307 1164 3360 P

171 3385 202 3434 19
222 3380 252 3434 L.
265 3381 491 3449 paciscerentur
505 3379 639 3444 litteraris
654 3380 659 3448 1
680 3377 848 3443 sta{torinm
865 3381 936 3442 (uua
950 3379 1000 3434 zia.
1018 3381 1109 3446 erasa)
1125 3378 1160 3432 H

169 3451 218 3518 qui
232 3451 314 3506 Goeta
333 3449 400 3521 qnia
414 3451 478 3506 ΗΡ
500 3452 505 3520 Ι
531 3452 560 3504 et
577 3451 676 3504 addd
698 3465 794 3518 quem,
814 3449 881 3516 quia
895 3478 928 3490 —·
943 3448 1047 3517 fuerat,
1068 3449 1184 3518 quidam

171 3522 240 3577 Oud.
266 3531 270 3590 1
296 3529 330 3578 23
349 3523 479 3592 princeps
498 3522 533 3576 H
547 3526 610 3576 aute
628 3536 697 3576 corr.
723 3521 728 3588 Ι
753 3519 915 3575 sabinorum
936 3519 1031 3587 OHP,
1049 3536 1118 3578 corr.
1138 3521 1157 3575 d
1179 3520 1182 3592 l

169 3599 203 3647 26
223 3593 335 3649 eritH¹
359 3597 364 3664 ί
388 3597 483 3650 tamen
502 3596 521 3648 d
