2616 4048
491 202 600 276 mnes
618 203 652 258 u.
682 203 758 258 ose.
778 208 804 261 c.
1112 203 1155 268 65

207 368 259 434 28.
284 365 424 450 Iapydas
447 365 482 431 P.
501 365 627 432 Licinio
650 366 839 450 proconsuli
861 365 1052 452 pag<an>os
1076 389 1154 452 quo·

139 477 201 541 que
230 457 291 520 sub
316 455 424 540 specie
452 455 624 520 deditionis
651 455 851 538 obtulerunt,
884 455 940 539 qui
968 457 1090 540 recepti
1122 460 1155 521 et

137 545 172 610 in
201 549 368 629 postrema
403 544 473 609 acie
505 544 665 610 conlocati
697 549 791 629 terga
821 544 1042 610 Romanorum
1075 544 1154 610 oeci·

138 634 264 699 derunt.

205 723 258 786 29.
292 719 401 805 Scipio
429 720 618 803 Africanus,
650 742 724 786 oum
753 722 888 786 aduersa
914 722 1048 787 haberet
1076 723 1190 788 binae

137 811 284 877 hostium
307 814 427 893 castra,
451 807 608 894 Syphacis
629 814 661 874 et
681 808 1013 895 Carthaginiensium,
1037 812 1155 876 statuit

139 897 311 984 Syphacis,
333 899 390 964 ubi
413 899 519 962 multa
542 897 682 962 incendii
706 899 862 964 alimenta
886 905 991 981 erant,
1022 899 1155 984 adgredi

138 993 234 1054 nocte
257 990 430 1073 ignemque
453 987 586 1070 inicere,
609 992 646 1052 ut
668 1007 708 1052 ea
728 1009 762 1052 re
781 986 940 1052 Numidas
964 988 1093 1072 quidem
1117 1011 1156 1054 ex

140 1078 207 1141 suis
230 1077 346 1142 castris
369 1076 571 1159 trepidantes
595 1075 756 1158 caederet,
779 1075 906 1141 Poenos
928 1079 1050 1160 sutem,
1073 1099 1154 1161 quos

139 1169 265 1230 certum
294 1168 364 1230 erat
386 1164 427 1228 ad
450 1164 698 1230 succurrendum
728 1165 823 1230 sociis
850 1186 1079 1250 precursurus,
1106 1165 1154 1230 in·
1175 1185 1208 1233 10

140 1254 232 1320 sidiis
256 1253 423 1337 dispositis
447 1254 617 1337 exciperet.
654 1258 826 1338 utrumque
845 1276 884 1318 er
903 1253 1066 1318 sententia
1089 1275 1153 1318 ces·

142 1342 200 1408 sit:
222 1340 341 1424 (nam)
364 1345 532 1426 tamquam
551 1341 592 1406 ad
610 1341 782 1406 fortuitum
805 1342 989 1408 incendium
1013 1343 1081 1407 sine
1105 1365 1156 1408 ar-

139 1431 204 1494 mis
227 1432 444 1514 procurrentis
468 1430 601 1496 adortus
625 1430 749 1497 cecidit.

208 1519 260 1584 30.
282 1517 503 1603 Mithridates,
521 1542 542 1585 a
559 1518 695 1585 Lucullo
715 1519 837 1585 uirtute
855 1518 1045 1604 frequenter
1063 1541 1155 1603 supe·

137 1611 244 1692 ratus,
271 1607 398 1673 insidiis
426 1629 500 1674 eum
523 1609 677 1694 appetiit,
700 1607 889 1674 Adathante
913 1608 1053 1693 quodam
1076 1608 1207 1675 emi-15

136 1699 235 1760 nente
257 1696 383 1761 uiribus
407 1698 599 1778 subornato,
622 1701 660 1761 ut
682 1697 904 1783 transfugeret
923 1701 955 1762 et
972 1697 1037 1761 fide
1060 1701 1155 1781 parta

135 1784 225 1850 hosti
249 1784 375 1850 facinus
398 1789 613 1870 perpetraret:
637 1785 769 1870 quodie
790 1791 919 1851 strenue
938 1786 1079 1870 quidem,
1099 1785 1156 1850 sed

136 1873 206 1937 sine
230 1876 349 1938 euentu
371 1878 507 1938 conatus
531 1877 590 1939 est.
635 1878 784 1957 receptus
809 1875 894 1939 enim
918 1897 938 1938 a
961 1873 1095 1939 Lucullo
1120 1875 1155 1939 in

135 1982 270 2046 gregem
289 1961 435 2045 equitum
459 1983 526 2026 non
549 1961 619 2026 sine
642 1963 745 2027 tacita
767 1963 915 2027 custodia
937 1961 1070 2028 habitus
1095 1967 1153 2046 est,

136 2051 214 2134 quia
237 2070 295 2114 nec
319 2049 407 2114 credi
430 2049 539 2114 subito
562 2050 753 2135 transfugae
770 2073 830 2117 nec
848 2051 990 2115 inhiberi
1009 2052 1151 2135 reliquos
1171 2070 1205 2119 20

134 2138 317 2222 oportebat.
372 2160 444 2203 cum
485 2137 599 2202 deinde
638 2137 864 2223 frequentibus
906 2140 1150 2205 excursionibus

133 2225 322 2311 pr'omptam
341 2230 374 2290 et
392 2225 521 2290 enixam
544 2248 678 2310 operam
701 2227 879 2309 exhiberet,
901 2227 964 2292 fide
989 2228 1152 2311 adquisita

133 2319 264 2400 tempus
292 2315 405 2400 elegit,
435 2337 498 2400 quo
526 2317 627 2380 missa
653 2316 813 2400 principia
836 2316 976 2400 quietem
1000 2315 1150 2381 omnibus

134 2404 357 2469 castrensibus
386 2403 508 2469 dabant
534 2404 800 2489 praetoriumque
828 2404 981 2469 secretius
1006 2408 1150 2487 praesta·

134 2493 226 2558 bant.
258 2513 351 2558 casus
369 2493 497 2558 adiuuit
515 2492 692 2559 Lucullum.
728 2494 878 2579 namqui
897 2493 937 2558 ad
957 2493 1150 2576 uigilantem
1170 2509 1204 2559 ao

209 2656 223 2704 1
243 2649 335 2719 lapies
350 2649 384 2703 H
399 2648 520 2719 Iapyges
536 2651 571 2717 P,
591 2667 660 2706 corr.
676 2651 745 2706 Oad.
761 2651 820 2706 coll.
834 2649 902 2706 Lice.
917 2653 962 2719 43,
977 2653 1003 2716 5,
1018 2653 1036 2703 3
1054 2655 1079 2705 ct
1097 2651 1151 2720 epi-

134 2727 199 2776 tom.
213 2723 251 2774 43
266 2724 270 2787 1
286 2725 406 2790 procons
420 2721 455 2774 H
470 2737 588 2790 procons
603 2723 648 2790 ΡΙ
664 2739 788 2792 paganos
805 2722 883 2777 Stew.
903 2737 992 2791 pagos
1007 2721 1069 2775 ΗΡ
1084 2738 1153 2792 pau·

137 2809 186 2848 cor
205 2791 264 2846 Ser.
281 2792 524 2861 {pugnacissimos
542 2809 667 2862 quosque
684 2793 765 2849 Goctz
780 2795 785 2862 1
801 2799 818 2848 t
835 2808 937 2847 auersa
955 2795 1008 2860 (pr.
1023 2809 1041 2848 a
1054 2793 1086 2847 e'a
1098 2809 1153 2847 rae.

135 2864 223 2919 mium
241 2864 294 2918 lite.
307 2863 337 2930 b)
357 2863 391 2916 Η
395 2863 430 2929 Ρ,
449 2877 517 2916 corr.
537 2864 575 2926 dl
592 2869 608 2918 6
628 2863 884 2934 carthaginensium
901 2865 920 2918 b
935 2863 940 2934 Ι
958 2862 1157 2919 tineendiaH

135 2932 277 2988 incendiis
296 2935 356 2988 edd.
373 2937 377 3000 1
394 2938 410 2987 8
429 2935 539 2987 noctem
555 2933 590 2987 H
604 2933 608 3004 t
631 2939 662 2988 11
683 2950 716 2988 ex
734 2933 903 2990 sententiam
922 2935 980 2999 (sed
997 2951 1026 2986 m
1044 2951 1104 3002 cap.
1122 2935 1152 3000 b)

135 3005 224 3061 cessit
241 3003 276 3058 H
299 3021 333 3058 ex
356 3003 496 3060 sententia
518 3002 633 3058 incessit
648 3003 677 3056 P
689 3021 723 3059 ex
736 3007 876 3059 sententia
894 3005 1060 3058 successitd
1085 3008 1089 3073 Ι
1120 3011 1152 3058 12

133 3093 202 3131 narn
220 3077 365 3145 tamquam
383 3075 483 3144 scripsi
500 3075 610 3142 tamqui
627 3075 662 3128 H
680 3077 739 3128 tam
756 3091 877 3144 namque
896 3074 945 3142 qui
958 3073 987 3126 P
1000 3076 1154 3142 namqued

132 3163 258 3215 namque
285 3148 318 3201 ut
337 3146 420 3202 eoae
437 3163 504 3202 nam
528 3143 579 3218 <et
601 3145 739 3200 Numidas
762 3143 862 3200 cestris
882 3146 978 3200 exutos
998 3146 1028 3199 et
1044 3144 1152 3200 Poenos

133 3215 304 3290 tam>quam
323 3216 462 3272 &ocreas
480 3217 615 3272 colth'u.
629 3221 676 3285 30,
691 3221 750 3271 5.6
774 3220 778 3282 Ι
805 3221 837 3270 13
855 3215 1050 3285 procurrentes
1063 3217 1082 3271 b
1097 3220 1102 3282 1
1120 3223 1153 3270 14

133 3287 289 3344 Mitridatis
312 3288 347 3342 H
368 3291 373 3359 Ι
399 3293 431 3343 lt
451 3288 487 3343 ad
501 3289 617 3342 athente
637 3287 759 3356 quodam
778 3286 807 3342 P
822 3285 910 3341 adath
928 3288 1080 3355 antequam
1093 3287 1129 3341 H
1146 3287 1150 3358 Ι

134 3360 270 3415 Ὀλθακὸς
288 3358 365 3413 Prot.
387 3359 499 3414 Loculi.
519 3363 556 3414 16
580 3361 713 3426 Ὀλκάβα(
730 3358 853 3428 Appiae.
874 3357 970 3412 Miser.
991 3362 1027 3413 79
1052 3361 1056 3427 Ι
1086 3359 1152 3413 emi·

134 3431 250 3487 nentem
264 3429 307 3484 ΗἸ
348 3435 379 3484 16
399 3431 550 3485 subornato
569 3447 619 3486 osc.
634 3430 678 3484 H¹
695 3433 699 3497 Ι
715 3429 808 3500 parta]
822 3429 898 3483 facta
912 3429 991 3484 Stew.
1049 3435 1082 3484 17
1101 3431 1153 3483 ho-

136 3504 189 3557 stis
209 3501 308 3570 dthis
381 3505 436 3567 118
449 3501 544 3556 loculo
561 3501 603 3556 H¹
619 3507 623 3570 ῐ
640 3508 673 3556 21
688 3499 754 3556 dein
767 3501 813 3570 ΡΙ
829 3505 863 3554 22
878 3500 961 3554 fidem
974 3500 1009 3554 H
1035 3499 1089 3572 t²3
1104 3499 1153 3554 eli-

136 3575 180 3645 git
192 3571 238 3628 ΗἸ
255 3571 258 3645 Ι
279 3577 313 3626 25
332 3589 426 3628 cassus
445 3572 489 3626 Ηι

190 3672 331 3714 Paosrrnus
345 3671 380 3715 ed.
395 3669 563 3714 Gundermsnn.
976 3663 992 3713 b
