2642 4046
194 221 257 286 138
392 221 468 276 IULI
486 220 661 276 PRONTINI
680 218 1003 275 STRATEGEMATON

192 386 382 468 citauerunt,
401 384 541 468 speeiem
559 383 672 468 magni
691 382 854 467 sequentis
873 381 1032 447 exercitus
1051 386 1211 468 moueret,

192 474 282 538 cuius
307 473 548 556 exspectatione
571 471 722 536 territum
746 471 826 536 uicit
848 471 985 536 hostem.

259 562 311 627 21.
357 559 542 644 Myronides
584 559 795 625 Atheniensis
836 559 992 624 aduersus
1033 559 1209 624 Thebanos
1306 599 1307 624 2

193 650 339 733 equitatu
361 649 590 733 praeualentes
613 652 817 733 pugnaturus
835 647 868 712 in
887 647 1011 732 campis
1034 669 1111 712 suos
1135 647 1209 712 edo-

155 755 172 804 ὁ
192 739 257 802 cuit
277 738 483 802 manentibus
503 759 574 801 esse
595 757 685 820 spem
706 737 851 821 aliquam
870 737 994 818 salutis,
1016 736 1206 802 cedentibus

191 826 517 908 autem¹pernici<em
532 825 783 907 cer>tissimam:
806 847 870 909 qua
888 824 1014 889 ratione
1038 825 1209 889 confirma-

190 914 233 978 tis
257 915 414 978 militibus
437 914 608 978 uictoriam
632 916 823 978 consecutus
848 917 907 977 est.

256 1004 308 1068 22.
341 1001 376 1068 Ο.
399 1002 548 1068 Pinarius
572 1002 607 1066 in
630 1001 740 1066 Sicilia
762 1001 924 1086 praesidio
948 999 1083 1066 Hennae
1111 1023 1206 1085 prae·

189 1091 330 1175 positus,
364 1091 471 1156 claues
499 1094 667 1175 portarum
697 1111 777 1173 quas
805 1111 904 1174 penes
932 1111 967 1154 se
989 1089 1134 1154 habebat
1157 1111 1208 1155 re-

138 1198 172 1246 10
190 1179 400 1264 poscentibus
420 1179 665 1264 magistratibus
678 1175 913 1262 Hennensium,
932 1178 1018 1262 quod
1036 1181 1207 1262 suspectos

191 1289 246 1334 eos
269 1273 437 1352 tamquam
460 1268 687 1333 transitionem
707 1266 747 1331 ad
765 1265 908 1332 Poenum
930 1270 1086 1350 pararent
1107 1266 1208 1332 habe·

190 1357 260 1440 bat,
282 1357 377 1441 petiit
395 1357 490 1422 unius
508 1356 613 1421 noetis
637 1355 678 1420 ad
701 1354 967 1420 deliberationem
988 1354 1131 1439 spatium
1159 1355 1207 1419 in·

189 1445 358 1530 diaetaque
382 1444 542 1509 militibus
565 1442 677 1508 fraude
697 1443 905 1528 Graecorum,
928 1465 1001 1508 oum
1023 1444 1207 1528 praecepis-

190 1537 248 1616 set,
271 1537 309 1598 ut
332 1534 440 1615 parati
462 1536 594 1617 postera
616 1531 667 1596 die
686 1531 817 1616 signum
841 1535 1074 1616 exspectarent,
1097 1533 1206 1615 prima

137 1638 171 1688 15
190 1622 262 1685 luce
286 1621 517 1685 adsistentibus
535 1620 695 1683 militibus
713 1620 913 1685 redditurum
933 1642 967 1684 se
986 1621 1094 1685 claues
1112 1621 1206 1705 dixit,

190 1711 218 1774 si
246 1710 330 1773 idem
359 1730 470 1773 omnes
496 1707 687 1773 Hennenses
715 1709 930 1773 censuissent:
963 1709 1004 1773 ob
1034 1730 1106 1773 eam
1130 1730 1205 1773 cau-

189 1820 260 1862 sam
290 1797 441 1864 uniuersa
471 1796 679 1861 multitudine
707 1800 885 1862 conuocata
913 1797 947 1861 in
974 1796 1140 1862 theatrum
1170 1802 1205 1863 et

189 1886 273 1950 idem
297 1886 483 1970 flagitante,
504 1885 678 1950 manifesta
701 1885 869 1950 deficiendi
891 1885 1076 1970 uoluntate,
1106 1886 1204 1972 signo

189 1974 347 2039 militibus
371 1975 447 2039 dato
472 1976 640 2040 uniuersos
664 1973 855 2040 Hennenses
879 1973 1002 2039 cecidit.

135 2080 170 2128 20
255 2065 308 2128 23.
340 2061 519 2147 Iphicrates
553 2063 617 2127 dux
646 2062 896 2127 Atheniensium
935 2063 1072 2128 classem
1110 2085 1204 2128 snam

188 2150 302 2217 hostili
319 2151 434 2216 habitu
452 2151 609 2217 instruxit
622 2154 654 2215 et
675 2151 715 2215 ad
737 2173 892 2234 eosquos
911 2153 1079 2235 suspectos
1103 2150 1205 2216 hebe-

188 2241 246 2305 bat
258 2241 416 2321 inuectus,
439 2261 512 2304 cum
527 2239 628 2304 effuso
647 2240 754 2304 studio
774 2240 984 2323 exciperetur,
1003 2238 1204 2324 deprehensa

187 2350 299 2393 eorum
322 2328 457 2413 perfidia
480 2328 635 2413 oppidum
659 2327 801 2411 diripuit

253 2417 306 2481 24.
338 2417 387 2482 Ti.
414 2415 592 2499 Gracchus,
624 2438 697 2480 cum
727 2416 882 2481 edixisset
909 2417 1069 2498 futurum,
1098 2421 1135 2481 ut
1162 2437 1203 2480 ex

133 2521 168 2570 25
187 2505 343 2570 uolonum
375 2527 509 2569 numero
540 2504 681 2570 fortibus
714 2503 901 2570 libertatem
929 2505 1035 2588 daret,
1062 2505 1202 2588 ignauos

187 2595 335 2658 crucibus
360 2594 528 2678 adfigeret,
551 2596 583 2656 et
609 2595 762 2675 quattuor
786 2593 877 2658 milia
900 2615 938 2658 ex
961 2593 1029 2678 his,
1053 2593 1129 2677 quia
1154 2615 1205 2656 se·
1306 2603 1307 2640 ῑ

187 2683 281 2767 gnius
304 2685 540 2767 pugnauerant,
563 2685 653 2745 metu
674 2702 797 2764 poenae
811 2682 845 2745 in
860 2682 1020 2767 quendam
1039 2681 1205 2746 munitum

186 2771 303 2835 collem
326 2770 479 2853 coissent,
501 2768 592 2833 misit
615 2769 670 2853 qui
694 2769 740 2836 eis
763 2770 907 2836 dicerent
930 2773 1037 2836 totum
1061 2769 1124 2834 sibi
1148 2791 1203 2835 ex·
1306 2800 1307 2826 i

257 2950 273 2998 3
291 2942 468 2998 athenienses
485 2942 551 2998 GH
555 2942 564 2973 ¹
580 2945 585 3012 Ι
602 2949 618 2997 6
631 2943 783 3013 perniciem
798 2943 983 3005 certissimam
996 2943 1122 2999 Eussner
1135 2959 1202 3013 per·
1306 2983 1307 2998 t

185 3013 398 3070 niciosissimam
408 3014 474 3069 GH
484 3013 748 3084 pernitiosissimum
757 3015 786 3070 P
795 3015 948 3084 perniciem
963 3030 1100 3069 summam
1110 3015 1181 3070 Dee.
1196 3015 1200 3087 Ι

185 3091 202 3140 8
222 3084 264 3156 c]
289 3084 319 3142 L.
339 3086 398 3140 edd.
418 3103 451 3140 ec
474 3086 540 3140 Lice.
557 3090 604 3150 24,
622 3089 678 3156 371
699 3093 716 3141 9
734 3085 878 3141 habebant
898 3085 981 3153 GH!
1000 3084 1204 3155 reponentibus

188 3155 214 3210 G
235 3159 240 3225 Ι
266 3163 298 3211 11
319 3173 439 3226 poenam
458 3156 493 3211 H
511 3159 516 3225 Ι
541 3162 574 3210 12
594 3156 677 3225 petiit
697 3159 756 3212 edd.
774 3157 849 3226 petit
867 3156 983 3228 θΗΡΙ
1010 3162 1042 3211 15
1061 3155 1204 3212 militibus

185 3228 262 3282 eiecit
275 3229 294 3282 d
307 3226 521 3296 magistratibus
536 3227 607 3282 Ded.
621 3227 719 3282 multis
733 3228 847 3282 Hastel:
864 3229 911 3282 aed
925 3229 960 3296 cf.
974 3227 1040 3282 Ls’a.
1050 3232 1098 3293 24,
1108 3231 1180 3294 39,1
1306 3243 1307 3258 i

184 3297 209 3351 si
232 3298 267 3352 H
271 3298 280 3328 ¹
301 3299 306 3365 Ι
332 3305 365 3353 16
388 3299 547 3353 hennenses
568 3297 619 3368 61
644 3299 819 3353 censuissent
836 3298 872 3352 H
894 3298 1100 3353 consensissent
1117 3297 1176 3354 Sor.

186 3375 219 3423 18
238 3369 385 3438 uoluptate
405 3368 430 3424 G
451 3371 455 3438 l
482 3375 514 3423 19
534 3369 691 3424 hennenses
712 3369 738 3424 G
758 3370 763 3437 Ι
787 3374 821 3422 22
841 3369 979 3438 deprensa
996 3368 1031 3422 H
1048 3371 1052 3438 Ι
1077 3375 1113 3422 24
1134 3385 1202 3439 gra

184 3438 253 3494 chus
272 3439 323 3507 G!
350 3445 384 3494 26
407 3439 543 3509 adfigeret
565 3442 595 3494 et
617 3441 676 3496 edd.
701 3439 853 3495 adficerent
877 3440 907 3494 et
926 3440 962 3494 H
984 3438 1152 3495 adhaerente
1173 3441 1204 3498 G

184 3510 361 3633 afficeret&
384 3510 436 3580 ΡΙ
459 3509 503 3564 his
524 3508 590 3565 GH
608 3510 644 3565 lis
665 3511 714 3578 ΡΙ
738 3510 786 3580 qui
804 3512 848 3580 ἀΙ
872 3516 906 3564 27
924 3511 1122 3581 pugnauerunt
1138 3511 1176 3566 H
1194 3513 1199 3583 Ι
1306 3519 1307 3536 ’

184 3586 218 3635 28
238 3598 291 3650 que
