2616 4048
455 296 460 304 ,
482 210 591 267 LIBER
608 210 643 266 11.
673 211 750 268 CAH.
771 217 794 268 5.
1102 213 1141 278 71

126 377 225 444 sciret
247 375 576 440 Lacedaemoniorum
603 374 717 440 ducem
740 373 941 442 Anaxibium
965 377 1142 442 exercitum

125 466 269 552 pedestri
296 463 412 530 itinere
441 462 568 547 ducere,
598 463 821 529 firmissimam
844 487 977 530 manum
1000 465 1142 530 militum

125 553 237 620 eduxit
256 575 273 618 e
291 553 430 618 nauibus
449 557 482 618 ct
499 552 534 616 in
552 552 678 618 insidiis
698 553 893 637 conlocauit,
911 575 1011 619 naues
1032 558 1142 620 autem
1196 569 1198 574 ’

125 643 216 710 omni
246 646 415 726 tamquam
447 644 581 706 onustas
614 641 720 706 milite
749 642 859 725 palam
893 643 1142 729 transnauigare

124 732 236 797 iussit:
261 733 307 796 ite
325 751 454 796 securos
474 734 507 797 et
525 729 607 794 nihil
626 734 849 813 exspectantes
867 729 1142 798 Lacedaemonios
1162 747 1180 798 5

125 825 260 906 atergo
283 819 449 904 ingressus
473 819 592 884 itinere
615 819 777 903 oppressit
798 819 953 905 fuditque.

191 909 243 974 43.
267 907 411 991 Liburni,
431 929 505 972 curn
523 907 646 973 uadosa
664 908 736 972 loca
751 907 961 992 obsedissent,
980 909 1143 993 capitibus

122 1001 252 1064 tantum
273 997 491 1062 eminentibus
511 996 608 1060 fidem
627 995 772 1061 fecerunt
795 996 883 1061 hosti
903 998 962 1061 alti
985 997 1084 1062 maris
1104 1020 1142 1063 ac

122 1088 305 1169 triremem,
335 1107 418 1170 quae
451 1106 507 1151 eor
536 1084 808 1170 persequebatur,
840 1084 1029 1170 inplicatam
1059 1087 1142 1152 uado

123 1180 287 1259 ceperunt
1164 1191 1198 1242 10

213 1265 266 1328 44.
294 1262 480 1327 Alcibiades
505 1262 569 1326 dux
593 1259 844 1327 Atheniensium
867 1263 902 1326 in
924 1261 1141 1346 Hellesponto

125 1352 282 1417 aduersus
317 1350 501 1416 Mindarum
538 1349 868 1415 Lacedaemoniorum
904 1351 1032 1436 ducem,
1069 1373 1142 1417 cum

125 1440 273 1523 amplum
297 1440 472 1505 exercitum
495 1448 528 1504 et
550 1439 660 1523 plures
682 1461 783 1504 naues
806 1438 954 1524 haberet,
977 1445 1072 1506 nocte
1091 1462 1143 1505 ex·

128 1529 246 1612 positis
273 1529 307 1592 in
333 1530 455 1593 terram
483 1527 677 1612 quibusdam
706 1527 847 1593 militum
876 1550 1021 1613 suorum,
1048 1533 1142 1612 parte

125 1639 253 1702 quoque
275 1616 410 1681 nauium
432 1621 510 1701 post
533 1616 691 1700 quaedam
718 1618 943 1700 promunturia
971 1618 1142 1702 occultata,
1163 1632 1197 1683 15

124 1707 194 1789 ipse
209 1727 283 1770 cum
296 1706 410 1789 paucis
429 1705 594 1790 profectus
614 1705 669 1786 ita,
687 1709 724 1769 ut
737 1708 925 1790 contemptu
944 1705 995 1770 sui
1013 1705 1142 1771 hostem

122 1795 294 1877 incitaret,
322 1794 460 1859 eundem
487 1794 713 1878 insequentem
741 1793 839 1879 fugit,
867 1794 970 1860 donec
993 1795 1028 1859 in
1050 1817 1142 1878 prae-

122 1887 256 1966 paratas
282 1882 419 1948 insidias
447 1883 650 1967 perduceret:
678 1904 829 1947 auersum
856 1883 972 1947 deinde
995 1888 1028 1948 et
1052 1905 1143 1970 egre·

123 1970 267 2036 dientem
289 1971 325 2034 in
347 1974 470 2037 terram
492 1993 550 2056 per
570 1992 638 2054 eos,
661 1993 742 2056 quos
767 1972 807 2036 ad
830 1970 893 2037 hoc
916 1972 1024 2056 ipsum
1045 1994 1141 2057 expo-

122 2064 245 2145 suerat,
269 2059 392 2125 cecidit.
1159 2075 1193 2127 20

190 2148 244 2215 45.
280 2147 383 2230 Idem,
412 2147 523 2212 nauali
550 2147 675 2230 proelio
704 2147 942 2232 decertaturus,
970 2149 1142 2214 constituit

123 2237 229 2302 malos
255 2237 412 2321 quosdam
435 2236 469 2300 in
492 2236 718 2320 promunturio
741 2237 970 2320 praecepitque
988 2236 1039 2301 his
1059 2259 1140 2321 quos

123 2325 171 2390 ibi
193 2325 413 2410 relinquebat,
434 2327 484 2409 ut,
512 2346 585 2389 eum
608 2324 816 2390 commissum
839 2326 1000 2408 proelium
1023 2326 1140 2391 sensis·
1251 2341 1274 2413 J

124 2419 210 2498 sent,
241 2414 422 2499 panderent
452 2413 540 2480 uela:
572 2435 635 2498 quo
667 2413 754 2478 facto
782 2417 974 2480 consecutus
1007 2417 1071 2497 est,
1103 2417 1140 2479 ut
1213 2410 1222 2529 'p
1262 2431 1269 2451 ⁸

122 2502 236 2568 hostes
260 2503 358 2568 aliam
381 2503 521 2567 classem
543 2502 578 2566 in
601 2501 758 2567 auxilium
779 2501 809 2566 ei
828 2502 1034 2587 superuenire
1054 2503 1139 2568 arbi·
1158 2517 1192 2567 25
1219 2534 1227 2628 p

122 2591 203 2656 trati
225 2595 437 2658 necterentur.

190 2680 243 2745 46.
271 2679 426 2746 Memnon
444 2677 591 2746 Rhodius
613 2681 724 2744 nauali
747 2680 885 2764 proelio,
908 2702 982 2745 curn
1004 2680 1141 2745 haberet

2 2841 3 2846 ἵ
123 2767 337 2834 ducentarum
358 2769 495 2834 nauium
517 2769 656 2834 classem
678 2772 712 2834 et
731 2768 877 2834 hostium
900 2791 1001 2834 naues
1025 2770 1140 2834 elicere

197 2942 437 2998 lanaxabiumct
459 2944 463 3010 Ι
494 2941 559 2997 tin
581 2941 692 2996 insidiis
717 2943 736 2997 b
761 2942 871 2998 insidiis
890 2943 968 2996 H¹P
996 2945 1000 3010 Ι
1029 2942 1142 2997 4omni

127 3011 197 3068 Oce.
226 3013 352 3069 omnium
379 3014 443 3067 ΗΡ
465 3015 470 3081 Ι
493 3014 590 3084 palam
613 3029 663 3068 om.
683 3013 728 3066 H¹
751 3013 756 3083 Ι
786 3019 802 3067 5
825 3011 898 3066 nihil
915 3013 973 3067 tals
990 3013 1061 3067 Ded.
1081 3013 1140 3067 coll.

118 3099 151 3154 p.
171 3089 293 3150 62,12.
313 3088 368 3152 67,
392 3089 410 3139 5
434 3089 440 3152 Ι
462 3083 636 3154 expectantis
655 3084 701 3154 ΡΙ
726 3083 910 3152 tadgressus
928 3083 958 3137 in
975 3082 1115 3138 itinered

126 3155 268 3210 luadoso
287 3154 349 3211 loeo
368 3156 419 3224 ΗΙ
441 3157 586 3210 stantum
602 3154 644 3222 H,
661 3155 708 3208 scd
726 3156 775 3208 tan
792 3156 825 3208 in
842 3169 896 3208 rae.
915 3154 934 3208 b
954 3152 958 3223 l
978 3152 1092 3208 fuerunt

123 3225 305 3294 ferunttl9
325 3243 358 3281 aa
376 3225 520 3281 triremem
541 3226 575 3292 P,
595 3241 645 3280 om.
665 3225 710 3278 H¹
728 3241 761 3278 ac
778 3223 893 3278 trierem
910 3225 928 3278 b
944 3231 948 3286 Ι
965 3229 1000 3279 14
1016 3224 1047 3278 in
1064 3226 1142 3279 terra

123 3297 212 3363 lello
229 3297 456 3378 promontorialr
471 3301 476 3367 Ι
492 3297 589 3351 calata
602 3295 646 3349 Ηι
665 3294 758 3350 celate
775 3293 813 3365 hl
835 3300 868 3349 16
886 3298 1064 3364 contemptus
1083 3296 1138 3366 ΗΛ

125 3372 159 3422 Π
177 3366 332 3423 inmtarent
357 3367 393 3422 H
405 3371 409 3436 Ι
427 3373 460 3422 18
479 3368 629 3430 aduersum
649 3365 695 3438 ΡΙ
713 3371 745 3420 19
769 3382 839 3434 quos
862 3381 913 3419 om.
936 3364 972 3419 H
993 3366 997 3433 Ι
1022 3371 1057 3421 22
1076 3381 1140 3436 prc-

123 3439 302 3493 mcntcriot
326 3441 330 3508 Ι
356 3437 484 3508 quaesibi
501 3445 556 3507 (pr.
576 3455 590 3490 s
608 3454 642 3492 ece
661 3441 688 3505 e)
708 3437 753 3490 H¹
777 3439 782 3506 Ι
812 3441 847 3490 23
865 3435 1076 3505 relinquebatur
1095 3441 1141 3505 (nr

123 3525 183 3632 epp.
198 3509 229 3577 b)
246 3527 310 3563 cnm
328 3510 363 3563 H
381 3513 385 3578 Ι
415 3515 450 3564 26
469 3511 663 3564 auerterentur
687 3508 782 3563 Wuesc
811 3514 815 3574 Ι
845 3513 880 3562 27
898 3507 1013 3563 hrodius
1032 3507 1068 3562 H
1080 3510 1084 3576 Ι
1104 3513 1140 3563 28

123 3581 228 3649 sigere
246 3581 281 3634 H
