2616 4048
461 653 744 728 PRAEFATIO.

160 922 230 1001 51.
269 917 532 1002 Strategematon
566 916 727 999 codicum,
765 917 926 999 quotquot
961 913 1111 979 innotue-

92 1013 182 1089 runt,
212 1007 275 1072 duo
299 1009 376 1070 sunt
399 1025 532 1090 genera,
562 1027 700 1088 quorum
728 1003 863 1068 alterius
887 1004 1020 1087 eiusque
1045 1025 1111 1066 me·
1136 1083 1138 1087 Ι

93 1097 183 1162 lioris
201 1096 266 1160 tria
281 1097 454 1178 supersunt
469 1094 675 1176 exemplaria,
690 1093 825 1156 alterius
840 1110 979 1174 magnus
998 1112 1110 1155 nume-

93 1208 146 1250 rus
166 1186 274 1249 exstat
294 1183 514 1248 assecularum
537 1178 592 1268 (of.
608 1178 817 1246 commentat
802 1181 908 1244 tiones
923 1179 1110 1281 philologus

92 1271 282 1338 lenensesI
310 1267 483 1358 (1881)p.
512 1271 554 1335 86
574 1270 646 1354 sq..)
692 1268 801 1353 Atque
832 1267 950 1352 prioris
982 1269 1111 1352 generis

94 1384 176 1426 unus
199 1361 274 1426 test
265 1383 293 1424 is
317 1363 455 1444 integer,
452 1294 535 1424 psed
561 1380 718 1443 perquam
737 1358 947 1442 neglegenter
971 1357 1109 1440 scriptus

608 1448 674 1530 H,
701 1469 774 1512 oum
803 1447 871 1511 cod.
896 1445 1110 1526 Gothanusl.

626 1587 632 1600 .
719 1517 954 1637 (mantum
960 1516 1112 1618 1111111111

272 1677 279 1692 .
587 1605 759 1708 Μ,ῖ]111,
779 1624 927 1708 quamuis
947 1623 1111 1688 erroribus

93 1716 280 1799 lacunisque
312 1737 378 1780 non
414 1736 537 1780 uacuus
569 1713 682 1790 fuerit,
717 1717 829 1777 tamen
861 1712 1111 1797 diligentissime

96 1805 235 1888 scriptus
259 1804 358 1869 etiarn
381 1825 478 1870 uoces
501 1802 636 1866 mutilas
661 1823 787 1865 summa
814 1801 877 1864 fide
902 1803 1110 1864 conseruatas

93 1893 280 1958 exhibuisse
303 1892 465 1977 putandus
490 1895 549 1956 est.
582 1889 736 1956 Nondum
756 1888 940 1954 adhibitum
960 1893 1031 1952 erat
1048 1889 1110 1953 hoc

92 2002 208 2066 genus:
237 2003 314 2046 nam
338 1980 484 2044 Andreas
507 1978 684 2063 Dederioh,
707 1979 835 2043 etiamsi
859 1978 927 2043 cod.
966 1977 1110 2041 Gothani

92 2069 245 2134 notitiam
265 2069 381 2133 habuit
395 2066 447 2152 (of.
459 2068 506 2133 ed.
518 2067 604 2133 1855
619 2067 719 2150 praef.
732 2089 763 2150 p.
772 2065 843 2152 XI),
861 2070 972 2130 tamen
986 2069 1110 2150 quanta

92 2158 163 2222 eius
192 2162 278 2220 esset
306 2157 484 2220 auotoritas
516 2177 581 2218 non
614 2154 745 2219 uidetur
776 2154 985 2219 intellexisse.
1032 2153 1110 2219 Leo-

91 2247 200 2308 tiones
219 2248 337 2323 autem,
356 2265 437 2324 quae
461 2243 497 2305 in
520 2243 666 2324 margine
686 2242 863 2306 editionum
881 2240 1109 2324 Hittorpianae

93 2329 266 2417 (Coloniae
282 2327 383 2414 1524)
404 2333 436 2393 et
450 2329 681 2394 Wechelianae
691 2326 840 2413 (Parisiis
852 2328 953 2412 1532)
969 2330 1109 2414 adscrip-

92 2423 147 2483 tae
177 2420 307 2482 exstant
338 2415 470 2503 (1,1,8
501 2417 762 2501 profectionis
796 2439 887 2482 suae
920 2440 1056 2482 sensus
1082 2420 1110 2503 1,

91 2509 157 2591 4,1
183 2506 362 2590 captiuos
386 2507 502 2570 lateri
524 2506 596 2591 1,5,
613 2508 652 2571 11
674 2506 871 2571 similibus
894 2507 1109 2591 112101-

91 2599 362 2660 sternerentur
383 2596 511 2678 1,10,1
533 2617 600 2679 per
619 2595 798 2680 singulos
818 2595 950 2680 1,11,2
969 2599 1110 2678 parata

91 2687 121 2769 3,
142 2685 194 2768 16,
214 2684 234 2748 3
259 2684 324 2748 dat
310 2688 371 2748 tur
394 2685 553 2766 pollicit
559 2707 601 2748 us
625 2685 700 2767 46,
718 2685 740 2748 4
764 2684 987 2769 deductum)
1012 2707 1108 2788 quae:
1202 2650 1213 2665 ,

91 2795 153 2858 que
173 2773 202 2836 si
219 2794 286 2837 non
305 2795 343 2836 ex
361 2773 432 2856 ipso
451 2773 640 2855 Harleiano,
658 2735 745 2837 celte
764 2793 803 2838 ex
822 2773 930 2838 codice
950 2773 1059 2857 aliquo
1080 2775 1109 2838 ei

1170 1413 1197 1502 >⁴

91 2861 260 2926 simillimo
279 2861 451 2945 deprompt
452 2883 490 2925 ae
510 2865 596 2945 sunt,
615 2823 784 2925 editores
774 2863 919 2925 immerit
921 2884 939 2927 o
959 2864 1109 2946 neglexe-
1161 2924 1164 2932 ,

89 2953 175 3013 1111.
206 2948 381 3033 Exoptatis
400 2949 451 3012 his
467 2949 670 3014 adminiculis
690 2949 822 3014 adscitis
842 2950 927 3014 mult
913 2950 1109 3032 taexempla
1163 2986 1166 3011 1

89 3037 217 3102 mendis
242 3037 346 3101 adhuc
369 3036 505 3101 residuis
534 3042 718 3122 purgantur
743 3040 841 3122 atque
866 3038 1109 3102 emendationes
1167 3060 1169 3069 ·

90 3128 236 3191 uirorum
259 3124 426 3190 doctorum
449 3126 537 3190 haud
560 3148 682 3209 paucae
706 3127 921 3211 comprobant
922 3149 968 3190 ur.

157 3212 309 3278 Alterum
339 3234 441 3298 genus
469 3219 507 3278 ut
537 3215 634 3298 locis,
666 3216 701 3279 in
730 3216 847 3299 quibus
871 3215 988 3298 prioris
1012 3234 1107 3298 gene·
1174 3198 1183 3224 ²

88 3304 134 3368 ris
162 3305 263 3366 testes
294 3302 411 3366 misere
439 3301 594 3387 delirant,
622 3325 688 3367 non
711 3304 810 3367 semel
834 3325 928 3386 opem
955 3301 1033 3383 fert,
1060 3305 1108 3369 111

89 3392 152 3456 fide
180 3390 262 3455 illud
284 3411 350 3455 non
377 3391 575 3475 aequiperat.
552 3391 727 3455 tHuius
751 3413 790 3455 ex
814 3390 977 3456 codicibus
1006 3414 1107 3455 unum
1170 3446 1174 3454 .

89 3480 250 3545 aduocari
268 3477 451 3542 Parisinum
433 3479 671 3580 ‘fflfflP
674 3479 790 3562 quippe
815 3480 869 3563 qui
892 3479 1036 3560 reliquos
1056 3478 1106 3561 (d)
1189 3463 1197 3493 ‘¹

89 3561 305 3634 auctoritate
306 3567 404 3652 lorige
424 3569 561 3651 superet.
592 3567 652 3632 Ort
638 3573 708 3633 tum
728 3571 835 3631 autem
855 3571 905 3630 est
891 3567 985 3631 thoe
1004 3587 1106 3650 genus

911 3666 947 3719 ,s
