2616 4048
153 214 158 224 ’
183 219 222 276 IV
586 219 800 276 PRAEFATIO.

194 405 233 448 ex
256 383 375 466 codice,
399 405 493 467 quem
517 383 671 447 librarius
695 383 913 448 suo-arbitrio
936 384 1016 448 locis
1039 386 1207 469 permultis

193 476 377 537 correxerat
399 472 451 535 uel
474 472 584 554 potius
608 476 913 554 corruperstznem
942 478 1055 537 contre
1077 495 1209 538 consue·

191 559 337 624 tudinem
357 559 504 624 Frontini
524 557 578 644 (cf.
593 560 679 624 infra
698 562 717 640 ἓ
736 557 790 646 12)
811 561 1006 644 perticulam
1026 564 1067 627 ut
1086 561 1209 627 eddidit

191 670 222 731 p.
243 649 343 730 7,18.
369 647 419 726 15,
437 649 468 714 4.
493 647 545 732 35,
565 649 616 716 22.
640 649 693 731 41,
713 650 731 713 7
738 674 746 732 3
777 651 909 734 grauius
937 672 1014 714 uero
1038 654 1101 733 est,
1124 651 1208 734 quod

190 737 297 821 ipsam
326 737 507 801 orationem
536 759 593 801 seu
620 739 805 802 temeritate
834 759 891 802 seu
919 738 1028 803 studio
1059 739 1207 803 inductus

191 824 376 908 corrigendi
395 846 627 908 saepenumero
645 827 795 890 mutauit.
820 825 923 902 Quam
938 847 1006 890 rem
1025 830 1063 891 ut
1081 827 1207 892 facilius

188 933 384 997 cognoscere
396 914 513 998 possis,
523 936 644 998 paucos
659 915 748 980 locos
759 913 913 997 adferam,
924 915 1038 998 quibus
1050 915 1207 982 sinceram

189 1002 365 1066 lectionem
394 1007 452 1066 aut
480 1024 577 1067 uerae
609 1003 759 1068 lectionis
787 1003 929 1088 uestigia
955 1003 1063 1087 priore
1091 1024 1208 1088 genere

188 1091 323 1155 retineri
346 1091 532 1176 intelleges:

420 1180 461 1246 H
480 1178 542 1262 (G)
882 1217 884 1222 ·
946 1179 986 1244 -P

187 1291 217 1350 p.
269 1269 447 1351 120111
472 1268 603 1352 publice
626 1273 715 1334 esset
782 1271 915 1351 cuperet

248 1357 298 1437 12,
327 1357 347 1420 2
372 1356 520 1440 captiuos
543 1357 640 1422 lateri
780 1357 919 1439 captiuis
942 1358 1045 1423 latere

245 1445 348 1526 40,13
372 1437 602 1528 egressumque
780 1464 1018 1530 aggressusque

246 1534 298 1615 55,
327 1536 347 1600 3
372 1533 428 1617 qui
446 1570 484 1582 -
500 1532 658 1602 tenebant
776 1554 858 1617 quse
876 1536 1126 1599 —tenebantur

246 1623 347 1706 56,25
373 1621 471 1686 odore
780 1622 914 1688 horrore

245 1711 347 1794 66,26
372 1709 576 1793 securstique
781 1712 886 1776 securi
909 1711 1078 1795 curetique

246 1800 347 1880 67,10
371 1797 451 1864 OOL
475 1798 600 1882 equites
778 1797 864 1864 001)
888 1801 1014 1884 equites

247 1888 346 1971 67,17
371 1887 612 1952 infestuuerunt
778 1887 973 1954 infestarent

248 1977 301 2059 69,
332 1977 352 2040 8
377 1975 618 2058 ducequsscen
783 1975 960 2042 ducessoen

250 2066 352 2148 83,12
376 2064 535 2148 ignobiles
551 2100 593 2114 -
608 2063 767 2148 plebeios·
780 2063 982 2148 ignobilibus
1001 2102 1037 2112 -
1055 2063 1169 2149 pbeios

434 2174 475 2216 ue

249 2242 350 2327 85,18
375 2175 567 2325 inqutruque
585 2278 622 2288 ·—
640 2241 746 2306 latere
781 2241 817 2305 in
838 2245 1034 2325 utroque-
1062 2242 1163 2306 latere

227 2331 350 2410 106,24
373 2329 545 2395 inuenerat
782 2329 909 2394 uideret

227 2420 350 2501 110,12
375 2442 494 2503 paucas
519 2441 556 2484 eo
784 2421 842 2482 aut
865 2439 959 2484 osseo

228 2508 349 2591 111,27
376 2508 473 2573 detur
494 2507 662 2590 pollicitus
783 2507 869 2572 datis
892 2506 1049 2588 pollicitis

229 2597 351 2679 131,18
377 2596 456 2660 dees
470 2617 504 2659 re
518 2595 656 2679 pecunia
678 2616 759 2678 quae
783 2595 858 2658 dare
881 2594 1081 2678 poscuniem.
1105 2617 1169 2680 que

231 2685 303 2767 140,
334 2685 351 2747 'l
378 2684 610 2768 recipientibus
781 2683 924 2766 incipere
1294 2679 1295 2684 ’

231 2773 352 2855 143,13
376 2794 452 2836 nere
783 2770 888 2836 redire

117 2874 122 2889 ⁸
257 2859 439 2945 Utrumque
458 2880 560 2944 genus
580 2859 754 2924 abeodem
771 2864 885 2924 natum
905 2864 956 2925 est
974 2861 1159 2944 archetypo,
1177 2860 1214 2925 in

192 2972 256 3035 quo
279 2950 395 3015 folium
419 2971 519 3012 unum
542 2949 595 3014 uel
618 2948 736 3032 duplex
754 2953 879 3032 partem
898 2949 976 3012 libri
995 2949 1126 3014 secundi
1145 2971 1214 3014 em·

193 3039 325 3124 plexum
354 3035 399 3122 (2,
417 3037 447 3120 9,
469 3039 486 3101 7
517 3037 796 3103 continuerunt
824 3059 862 3102 se
885 3038 990 3101 intre
1013 3041 1146 3102 cestra
1171 3073 1210 3084 —-

194 3128 325 3211 2,12,2
348 3126 535 3191 turmales
559 3126 767 3192 secundum
791 3122 1129 3213 consuetudinem)
1153 3148 1214 3190 suo

194 3216 267 3280 loco
281 3218 405 3279 motum
418 3216 642 3300 insertumque
657 3219 728 3280 erat
742 3216 895 3280 extremis
910 3214 1099 3280 foliis‘inter
1112 3214 1217 3279 uerba

193 3305 224 3387 4,
244 3305 273 3387 7,
292 3305 335 3367 42
360 3325 441 3368 cum
469 3305 509 3368 in
538 3305 690 3389 agmine
719 3303 865 3368 milites
887 3302 898 3386 ΙΙ
921 3307 953 3368 et
974 3302 985 3386 ΙΙ
1010 3303 1215 3368 continere

194 3392 330 3473 uellet,
358 3391 465 3457 itaut
488 3394 589 3457 uerbe
611 3394 642 3476 2,
657 3394 723 3474 9‚7
748 3415 907 3477 quarum
930 3396 1031 3456 metu
1054 3392 1116 3456 illi
1141 3413 1215 3456 con

196 3482 418 3566 exciperentur
450 3481 559 3546 uerbis
591 3482 743 3565 2,12,2
775 3481 1031 3546 aduentarent
1062 3481 1217 3564 recepit

198 3571 316 3635 eciem
407 3570 505 3635 uicti
529 3575 628 3634 sunt
659 3570 762 3647 Quem
781 3569 909 3634 hictum
928 3592 1001 3634 oum
1023 3569 1089 3633 iam
1108 3569 1136 3634 is
1156 3570 1217 3653 qui
