2616 4048
474 219 582 278 LIBER
599 221 634 277 11.
661 221 738 279 OAP.
758 229 782 278 4.
1093 223 1137 290 55

121 385 244 450 missua
267 384 309 449 ab
332 404 370 450 eo
393 383 528 450 Porcius
552 383 647 468 Cato,
673 385 728 468 qui
750 387 835 467 tum,
857 386 923 452 iam
947 386 1138 470 consularis,

120 474 276 540 tribunus
308 472 451 538 militum
482 495 502 538 a
529 473 651 559 populo
682 473 789 539 factus
821 475 855 538 in
887 475 1028 541 exercitu
1058 479 1137 559 erat,

119 561 257 628 deiectis
289 561 376 646 iugis
409 559 601 628 Callidromi
633 561 754 628 montis
787 563 929 648 Aetolis,
960 563 1015 649 qui
1045 586 1136 648 prae·

120 651 206 717 sidio
230 649 313 734 <ea>
337 651 507 735 tenebant,
534 672 631 735 super
658 651 870 718 inminentem
897 653 1014 718 castris
1037 653 1136 738 regiis

120 738 240 805 collem
264 761 283 803 a
303 742 398 826 tergo
421 739 548 806 subitus
572 740 791 824 apparuisset:
814 763 877 826 qno
900 740 988 806 facto
1011 745 1171 826 pertun-t

121 828 209 894 batis
236 827 393 894 Antiochi
425 828 528 912 copiis
560 829 722 913 utrimque
754 831 904 914 inrupere
931 827 1072 896 Romani
1104 834 1137 895 et

120 916 203 982 fusis
227 916 413 1002 fugatisque
437 921 545 984 castra
568 922 730 1002 ceperunt.

189 1005 220 1071 5.
250 1003 284 1072 0.
304 1003 464 1090 Sulpicius
487 1005 616 1072 Peticus
640 1008 752 1073 consul
775 1010 888 1074 corma
910 1004 1021 1074 Gallos
1044 1007 1136 1073 dimi·

120 1097 253 1160 eaturus
276 1095 374 1159 iussit
394 1095 553 1162 muliones
573 1096 657 1162 clam
675 1095 711 1160 in
728 1099 855 1162 montes
878 1095 1043 1179 proximos
1063 1117 1134 1162 oum
1259 1116 1283 1195 γ

119 1182 218 1248 mulis
251 1183 341 1248 abire
373 1187 407 1248 et
438 1183 580 1250 indidem
612 1187 762 1250 conserto
794 1183 859 1250 iam
891 1184 1014 1267 proelio
1046 1184 1136 1250 uelut
1156 1203 1196 1272 ιοΙ
1271 1221 1278 1252 ι

120 1271 214 1356 equis
238 1271 416 1338 insidentes
436 1276 601 1338 ostentare
621 1294 654 1337 se
674 1273 911 1356 pugnantibus:
935 1293 1033 1358 quare
1050 1271 1137 1339 Galli
1172 1293 1221 1349 ιιιι
1233 1251 1267 1378 (ΙΣ

120 1359 344 1426 existimantes
372 1360 551 1427 aduentare
579 1361 700 1428 auxilia
726 1361 884 1428 Romania
916 1382 1040 1428 cessere
1070 1362 1135 1428 iam

119 1469 225 1534 paene
249 1447 398 1516 uictores.
1072 1501 1075 1508 .

163 1537 219 1609 .6·
255 1535 379 1603 Marius
412 1539 498 1604 circa
527 1540 640 1623 Aquas
674 1536 814 1622 Sextias,
851 1560 924 1604 oum
957 1538 993 1604 in
1024 1539 1134 1604 animo

119 1625 258 1692 haberat
294 1629 427 1709 postera
463 1626 515 1694 dia
551 1627 737 1713 depugnare
775 1627 928 1692 aduersus
961 1607 1188 1711 Teutond,1o

119 1711 313 1780 Marcellum
328 1736 401 1780 cum
419 1737 522 1800 parua
540 1738 639 1782 manu
653 1717 799 1801 equitum
817 1716 1027 1801 peditumque
1041 1719 1135 1781 nocte

118 1806 196 1886 post
214 1807 311 1888 terga
327 1803 473 1870 hostium
491 1804 582 1870 misit
600 1809 633 1870 et
653 1804 693 1870 ad
711 1804 901 1890 inplendum
915 1804 1134 1870 multitudinis

119 1891 262 1975 speciem
295 1911 453 1976 agasones
485 1893 632 1977 lixasque
665 1897 808 1959 armatos
841 1893 938 1957 simul
965 1893 1013 1958 ire
1040 1893 1135 1958 iussit

118 1979 403 2065 iumentorumque
417 2001 571 2066 magnam
589 1984 717 2065 partem
731 1981 945 2048 instratorum
960 1984 1134 2048 centuncu-

120 2067 174 2151 lis,
191 2072 229 2133 ut
244 2089 302 2153 per
319 2067 382 2134 hoc
395 2069 495 2136 facies
510 2070 673 2153 equitatus
688 2070 879 2154 obiceretur,
896 2071 1134 2154 praecepitque,
1153 2089 1187 2138 ao

118 2161 171 2239 ut,
199 2178 272 2222 cum
300 2157 607 2226 animaduertissent
630 2159 791 2223 committi
813 2159 987 2242 proelium,
1014 2158 1079 2243 ipsi
1101 2160 1134 2224 in

117 2249 215 2330 terga
232 2244 377 2311 hostiurn
396 2247 640 2313 descenderentr
659 2247 713 2330 qui
732 2249 908 2330 apparatus
927 2249 1055 2311 tanturn
1069 2250 1134 2311 ter·

119 2336 206 2400 roris
229 2335 355 2417 intulit,
379 2340 416 2401 ut
438 2335 609 2419 asperrimi
631 2335 742 2399 hostes
763 2335 798 2400 in
815 2333 929 2418 fugam
948 2334 1035 2400 uersi
1057 2335 1134 2400 sint.

190 2424 219 2489 7.
241 2421 384 2490 Licinius
404 2421 541 2490 Crassus
564 2423 779 2509 fugitiuorum
802 2423 888 2488 bello
912 2423 998 2506 apud
1018 2420 1134 2490 Cama-

118 2512 241 2577 latrum
265 2511 439 2578 educturus
462 2512 600 2578 militem
625 2512 779 2578 aduersus
803 2508 938 2577 Oastum
961 2515 995 2576 et
1017 2510 1133 2578 (lanni-
1153 2529 1187 2578 ao
1271 2511 1276 2535 '

192 2673 207 2720 1
226 2668 335 2738 portius
353 2669 388 2723 H
392 2669 437 2739 ΡΙ
458 2667 586 2740 quintum
603 2669 638 2724 H
653 2674 717 2726 aute
734 2685 802 2726 corr.
828 2672 832 2737 l
857 2667 1012 2724 consularis
1030 2667 1070 2736 H,
1088 2669 1135 2724 scd

117 2737 175 2792 aris
194 2739 227 2793 ia
244 2755 298 2794 rus.
317 2741 437 2795 duarum
455 2742 507 2795 litt.
527 2741 567 2808 (is
581 2739 609 2809 2)
628 2741 647 2795 lc
662 2744 666 2811 1
687 2747 703 2796 3
723 2739 841 2795 deiectis
859 2737 933 2810 iugis
947 2738 987 2806 H,
1005 2740 1052 2795 sed
1065 2739 1089 2793 is
1104 2738 1134 2794 iu

117 2811 342 2936 duifflc‘ozi‘piii
357 2811 677 2952 {2⁰1iiiffldaitti
684 2811 1046 2950 dtidodirsiueieitiiaibl
1062 2827 1134 2952 {iai

186 2919 192 2932 .
261 2920 267 2933 .
341 2923 347 2935 .
395 2923 406 2950 ,
1017 2924 1024 2937 .

117 2949 262 3021 praesidio
280 2952 450 3007 tenebantur
465 2952 493 3006 P
507 2953 511 3015 l
527 2958 545 3006 4
563 2969 596 3006 ee
609 2953 699 3022 stoppl.
710 2953 789 3008 Mod.
807 2956 811 3019 Ι
826 2953 901 3022 regis
915 2951 950 3007 H
964 2958 1028 3008 aute
1041 2968 1109 3008 corr.
1127 2952 1131 3023 l

118 3027 136 3077 ὅ
151 3021 223 3077 colle
236 3024 265 3088 (o
279 3023 375 3078 taras.
384 3024 414 3094 lc)
424 3023 460 3080 H
471 3025 476 3092 l
498 3028 513 3078 ἵ
527 3022 735 3092 fugatisquaH,
753 3024 800 3078 sed
817 3022 886 3092 fuga
899 3024 932 3077 ιἰι
944 3039 999 3077 rus.
1013 3023 1134 3078 duorum

118 3093 172 3148 litt.
188 3092 215 3160 (f
231 3096 251 3160 .)
265 3094 283 3148 lc
299 3095 304 3161 l
319 3097 336 3148 8
355 3094 486 3164 sulpitius
497 3094 525 3148 P
539 3096 543 3161 1
560 3093 669 3164 consul]
689 3093 812 3148 motator
825 3093 882 3150 Ser.
897 3094 956 3148 coll.
970 3093 1037 3148 Diu.
1047 3097 1133 3159 7,14.·

117 3164 154 3231 cf.
169 3163 301 3290 praedi?
319 3171 353 3218 11
375 3168 380 3234 Ι
406 3171 439 3220 10
456 3163 562 3220 indiem
575 3165 611 3220 H
626 3170 689 3219 aute
707 3180 776 3220 corr.
802 3166 807 3231 Ι
834 3168 868 3217 14
884 3161 1009 3218 Marinus
1024 3162 1052 3217 P
1069 3168 1073 3229 Ι
1100 3168 1133 3218 18

117 3236 243 3290 armatas
309 3237 364 3302 119
384 3235 559 3292 centunculis
578 3235 613 3290 H
616 3235 644 3289 P
665 3233 819 3290 contuoulis
837 3235 869 3300 t,
886 3250 956 3290 corr.
975 3233 1064 3304 (1120
1083 3235 1133 3289 ou

116 3304 257 3361 iaceretur
275 3305 311 3360 H
329 3307 334 3374 1
358 3312 392 3361 21
416 3307 663 3362 animaduertisset
680 3305 715 3360 H
734 3309 799 3360 aute
816 3321 884 3362 corr.
906 3309 911 3370 1
936 3305 999 3376 ipsa
1016 3304 1052 3359 H
1070 3311 1134 3362 oute

117 3393 190 3434 corr.
211 3377 215 3443 Ι
240 3381 274 3431 23
294 3378 358 3430 sunt
375 3376 451 3442 ΗΡ,
468 3377 571 3435 corud
600 3379 604 3444 Ι
634 3383 669 3432 24
692 3375 819 3447 Crassus]
844 3375 941 3431 consul
963 3392 1056 3432 rursus
1075 3375 1110 3430 H
1128 3375 1131 3448 l

118 3448 306 3504 calamatrum
324 3449 369 3502 uel
387 3447 567 3504 calamatium
585 3450 617 3502 d:
636 3448 762 3504 ecdcmue
775 3463 875 3517 pugna
893 3463 975 3517 qaam
992 3447 1030 3502 od
1045 3444 1132 3502 Iacca·

117 3533 186 3574 ιιιιιιι
204 3519 297 3572 mcum
316 3518 419 3584 factum
436 3521 519 3586 refert
535 3518 609 3574 Plut.
625 3519 716 3574 Oresa.
730 3517 796 3572 11?
817 3522 821 3585 Ι
844 3523 879 3572 26
898 3520 1007 3573 castam
1020 3516 1056 3570 H
1071 3524 1135 3574 oute

117 3604 187 3645 corr.
210 3591 214 3658 Ι
240 3593 311 3644 cami
330 3605 393 3644 cum
407 3589 442 3644 H
466 3605 575 3645 cannen
593 3607 657 3645 cum
670 3589 704 3655 P,
721 3605 769 3644 cm.
785 3588 843 3644 Sor.
862 3605 896 3644 ex
914 3593 944 3655 2,
958 3593 985 3655 5,
1000 3590 1036 3642 34
