2616 4048
186 211 228 275 70
388 209 464 266 IULI
481 209 660 266 FRONTINI
679 209 1000 267 STRATEGEMATON

181 373 368 440 tenentibus
395 371 564 459 planitias,
592 396 665 439 cum
693 375 860 459 utriusque
887 375 991 457 partis
1020 373 1199 458 plurimum
1302 389 1303 452 ζ

181 464 354 529 interesset
377 464 475 528 colles
498 463 664 549 proximos
688 485 844 549 occupare
866 462 962 547 idque
991 466 1124 548 propter
1147 486 1200 530 sa-

181 575 296 618 xorum
327 553 537 637 asperitatem
566 557 653 618 esset
680 552 828 637 difficile,
862 555 1030 637 tamquam
1057 551 1200 618 Ilerdam

181 642 394 726 repetiturum
427 645 514 707 retro
547 662 665 726 agmen
697 640 878 725 ordinauit,
914 641 1056 706 faciente
1088 643 1200 726 inopia

146 731 278 795 ufidam
302 731 521 816 destinationi.
554 730 642 796 iutra
665 730 894 798 breuissimum
917 730 1032 795 deiude
1055 731 1200 814 spatium

182 819 298 905 exiguo
327 819 464 885 circuitu
490 819 580 884 flexit
606 825 740 905 repente
768 819 809 885 ad
837 818 956 885 montis
984 820 1198 904 occupandos.

181 930 245 992 quo
269 908 343 974 uisu
365 908 549 993 perturbati
572 907 746 974 Afraniani
773 909 863 974 uelut
891 907 997 992 captis
1025 907 1143 974 castris
1166 913 1201 974 et

180 997 244 1082 ipsi
259 997 360 1063 effuso
379 1020 476 1063 cursu
496 997 626 1062 eosdem
644 1001 772 1063 montes
790 996 928 1082 petiere:
947 997 1032 1081 quod
1050 997 1198 1063 futurum

181 1107 254 1152 cum
272 1087 533 1170 praediuinasset
547 1084 676 1166 Caesar,
694 1087 815 1170 partim
833 1086 980 1170 peditatu
995 1107 1090 1169 quem
1104 1107 1197 1170 prae·

129 1177 326 1259 remiserat,
349 1176 470 1260 partim
489 1199 509 1240 a
526 1180 619 1260 tergo
640 1175 820 1241 summissis
845 1175 1008 1259 equitibus
1031 1175 1196 1240 inordina·

181 1267 234 1330 tos
259 1268 309 1330 est
332 1265 474 1330 adortus.
1302 1273 1303 1286 ³

247 1353 299 1418 39.
323 1353 487 1418 Antonius
511 1352 597 1436 apud
615 1351 735 1417 Forum
756 1351 942 1434 Gallorum,
963 1373 1035 1416 cum
1054 1350 1199 1418 Pansam

181 1442 347 1506 consulem
366 1442 541 1506 aduentare
560 1442 787 1525 comperisset,
810 1441 938 1505 insidiis
956 1461 1015 1524 per
1034 1440 1199 1506 siluestris

180 1528 339 1595 Aemiliae
367 1530 441 1595 uiae
469 1529 635 1612 dispositis
664 1549 780 1613 agmen
809 1530 878 1594 eius
903 1529 1029 1612 excepit
1052 1529 1198 1614 fuditque

129 1629 161 1686 1'5
181 1621 214 1683 et
240 1618 347 1701 ipsum
376 1639 413 1682 eo
442 1618 575 1682 uulnere
604 1617 738 1700 adfecit,
770 1639 833 1702 quo
863 1619 952 1683 intra
980 1639 1100 1703 paucos
1129 1618 1197 1684 dies

181 1707 429 1773 exanimaretur.

246 1797 298 1861 40.
321 1794 405 1860 Iuba
422 1816 478 1859 rex
497 1795 531 1860 in
544 1793 658 1860 Africa
677 1795 763 1860 bello
782 1795 872 1860 ciuili
887 1793 1037 1860 Curionis
1053 1795 1198 1860 animum

181 1884 334 1950 simulato
358 1905 509 1969 regressu
532 1883 652 1968 inpulit
676 1883 710 1947 in
727 1905 847 1949 uanam
867 1884 1082 1949 alacritatem:
1106 1884 1197 1949 cuius

182 1974 251 2057 spei
271 1973 417 2038 uanitate
437 1973 589 2058 deceptus
606 1972 715 2058 Curio,
734 1972 809 2036 dum
828 1976 997 2057 tamquam
1015 1971 1198 2058 fugientem

127 2079 161 2128 2ο
182 2059 361 2128 Sabboram
384 2062 510 2148 regium
533 2061 733 2146 praefectum
761 2063 981 2146 persequitur,
1009 2061 1139 2126 deuenit
1162 2062 1198 2126 in

178 2155 328 2236 patentes
357 2173 501 2236 campos,
529 2151 586 2215 ubi
608 2149 822 2216 Numidarum
848 2151 1086 2215 circumuentus
1111 2151 1199 2234 equi·

180 2243 264 2324 tatu,
287 2240 415 2326 perdito
440 2240 593 2324 exercitu,
616 2239 740 2305 cecidit.

246 2330 298 2395 41.
327 2329 514 2394 Melanthus
534 2329 597 2393 dux
615 2327 876 2412 Atheniensium,
901 2349 973 2393 cum
996 2330 1197 2412 prouocatus

180 2440 199 2482 a
213 2439 289 2503 rege
302 2418 445 2483 hostium
456 2416 588 2483 Xantho
603 2417 739 2482 Boeotio
754 2416 973 2482 descendisset
987 2416 1028 2480 ad
1042 2437 1198 2502 pugnam,

127 2521 161 2572 25
180 2510 217 2570 ut
240 2507 381 2591 primum
404 2507 584 2573 comminus
609 2505 713 2590 stetit,
737 2503 879 2589 ‘inique',
902 2505 1023 2588 inquit,
1046 2504 1198 2588 ‘Xanthq

180 2600 214 2660 et
237 2598 350 2660 contra
373 2598 504 2679 pactum
527 2593 619 2660 facis:
644 2594 798 2659 aduersus
822 2594 928 2659 solum
948 2594 1126 2659 enimcum
1150 2594 1198 2657 al-

180 2687 251 2747 tero
274 2682 487 2768 processisti?
533 2704 669 2768 cumque
693 2682 870 2747 admiratus
894 2683 962 2765 ille,
988 2684 1137 2767 quisnam
1162 2703 1198 2746 se

181 2773 404 2852 comitaretur,
436 2771 644 2855 respexisset,
678 2793 828 2836 auersum
858 2793 924 2836 uno
951 2772 1020 2835 ictu
1048 2771 1199 2836 confecit.

247 2861 299 2924 42.
327 2859 507 2944 Iphicrates
533 2859 745 2925 Atheniensis
770 2860 810 2924 ad
830 2858 1100 2938 Cherronessum,
1124 2881 1199 2924 cum

253 3095 267 3143 1
286 3088 423 3158 planicies
442 3090 462 3144 d
487 3091 491 3157 Ι
517 3094 533 3143 3
551 3087 690 3143 hilerdam
714 3088 764 3157 ΡΙ
787 3093 804 3142 4
822 3087 992 3156 repetiturus
1010 3088 1029 3144 d
1075 3093 1090 3142 6
1109 3087 1199 3142 moni·

180 3161 217 3214 tis
231 3161 266 3214 H
280 3161 390 3216 montes
406 3161 452 3228 Ρι
469 3167 484 3214 'l
500 3158 548 3228 qui
561 3157 621 3213 uiso
636 3158 680 3213 H¹
694 3175 763 3229 quos
781 3156 855 3214 uisos
874 3159 892 3212 t
908 3161 913 3227 Ι
928 3165 945 3214 8
963 3157 1023 3228 ipse
1088 3157 1092 3228 l
1115 3163 1130 3212 9
1149 3175 1199 3228 pc-

181 3230 275 3285 ditatu
293 3261 327 3270 -
345 3229 451 3301 partim
469 3247 519 3286 om.
539 3229 604 3297 H¹l
628 3236 661 3285 10
680 3229 833 3300 equitibus]
853 3229 1034 3296 sequentihus
1052 3227 1104 3299 ΗΙ
1124 3229 1199 3284 incr·

181 3301 294 3356 dinatus
313 3302 346 3356 Η
361 3308 365 3367 Ι
383 3307 416 3356 16
435 3318 515 3357 exam
529 3302 564 3355 H
565 3300 574 3331 ¹
590 3304 594 3368 Ι
612 3307 645 3355 17
663 3301 694 3353 in
712 3299 816 3356 africae
829 3299 875 3369 ΡΙ
892 3305 926 3354 20
946 3300 1097 3356 sabbarum
1110 3300 1142 3354 Η
1155 3316 1200 3356 su·
1302 3353 1303 3376 ,

181 3373 280 3427 boram
298 3372 345 3440 Pl
362 3372 477 3428 deuenit
494 3372 539 3437 H,
556 3373 604 3427 scd
620 3371 675 3426 deu
692 3373 724 3426 a'n
741 3386 796 3426 rus.
815 3372 833 3424 h
848 3369 853 3442 Ι
869 3376 904 3426 23
923 3369 1062 3426 Melantus
1082 3371 1110 3424 P
1133 3377 1137 3435 Ι
1163 3377 1201 3426 24

180 3445 267 3498 xanto
288 3443 317 3496 P
340 3447 344 3510 Ι
369 3443 464 3498 boetio
484 3443 544 3498 GH
548 3443 575 3495 P
599 3446 603 3509 Ι
633 3447 667 3496 25
692 3444 748 3496 stet
767 3441 829 3496 GH
850 3443 954 3511 {rante
973 3442 1018 3511 ΡΙ
1041 3448 1075 3497 26
1094 3441 1200 3498 facisd

181 3515 259 3583 pacis
280 3513 340 3569 ΟΗ
345 3515 391 3584 ΡΙ
408 3515 555 3568 aduersum
567 3512 609 3581 Ol
625 3513 701 3567 solus
715 3513 748 3566 Η
751 3513 760 3544 ¹
775 3514 780 3581 l
796 3518 830 3569 27
846 3530 875 3568 se
894 3529 944 3568 cm.
963 3513 997 3566 Η
1002 3513 1010 3544 ¹
1028 3515 1032 3580 Ι
1048 3517 1082 3567 28
1095 3513 1199 3568 &mit-

181 3587 289 3640 teretur
307 3584 391 3657 HPl
413 3592 447 3640 29
467 3587 676 3640 cherronassum
695 3584 730 3637 H
746 3601 936 3640 cerronessum
957 3584 985 3637 P
