2616 4048
457 219 566 276 LIBER
584 222 619 277 H.
648 220 725 278 (th.
746 228 823 280 'l-8.
932 239 933 246 ’
1110 226 1149 289 77

204 385 254 450 13.
287 382 322 448 Τ.
344 383 508 449 Labienus
536 388 612 469 post
639 384 863 452 Pharsalicam
891 407 1049 472 pugnam,
1079 409 1151 453 cum

135 475 233 540 uictis
256 472 404 557 partibus
428 472 671 557 Dyrrhachium
697 474 885 560 refugisset,
915 476 1046 542 miscuit
1072 498 1152 542 uera

134 563 228 628 falsis
253 565 298 646 et,
320 584 387 628 non
409 563 513 628 celato
533 564 623 629 exitu
645 585 789 650 pugnae,
814 568 985 650 aequatam
1007 565 1151 649 partium

135 651 302 717 fortunam
322 651 415 736 graui
433 652 569 717 uulnere
583 651 733 719 Caesaris
752 653 860 718 finxit:
880 657 913 718 et
930 654 992 719 hac
1011 655 1152 719 adsimu-

134 739 259 805 latione
281 740 415 825 rcliquis
433 739 705 824 Pompeianarum
723 743 867 826 partium
890 743 1042 809 fiduciam
1064 743 1186 809 fecitc

204 829 254 894 14.
286 828 330 894 M.
358 829 453 912 (lato,
484 851 559 894 cum
587 829 797 895 Ambraciam
829 853 866 896 eo
894 834 1055 916 tempore,
1087 855 1151 916 quo

135 918 244 984 sociae
274 939 376 983 naues
409 918 450 983 ab
483 917 610 984 Aetolia
648 921 938 1003 oppugnabantur,
973 921 1150 1004 inprudens

134 1029 199 1072 uno
227 1008 335 1072 lembo
364 1006 558 1092 appulisset,
586 1028 785 1092 quamquam
811 1007 893 1071 nihil
921 1029 1030 1073 secum
1058 1030 1151 1092 prae-

134 1096 210 1161 sidii
232 1095 380 1177 haberet,
403 1094 511 1178 coepit
533 1097 663 1179 siguum
686 1116 765 1160 uoce
789 1100 945 1180 gestuque
969 1095 1058 1178 dare,
1086 1117 1150 1180 quo

133 1184 299 1248 uideretur
332 1183 559 1267 subsequentis
592 1205 725 1248 suorum
757 1183 852 1248 nauis
884 1205 1018 1268 uocare,
1050 1205 1150 1268 eaque
1170 1203 1204 1251 10

135 1271 382 1336 adseueratione
405 1270 534 1335 hostem
557 1271 688 1355 terruit,
715 1275 885 1355 tamquam
911 1273 1007 1356 plane
1034 1272 1149 1357 adpro·

133 1359 344 1446 pinquarent,
367 1358 423 1444 qui
446 1359 541 1444 quasi
562 1381 602 1425 ex
624 1360 774 1444 proximo
798 1360 996 1426 citabantur:
1028 1361 1149 1444 Aetoli,

133 1470 175 1514 ne
190 1448 331 1514 aduentu
345 1447 513 1514 Romanae
531 1449 645 1514 classis
665 1448 932 1534 opprimerentur,
950 1450 1150 1536 reliquerunt

134 1537 422 1623 oppugnationem.

182 1745 255 1803 VIII.
284 1747 333 1802 Du
351 1745 611 1803 RESTITU'IINDA
629 1747 702 1804 PER
720 1746 983 1806 CONSTANTIAM
1001 1747 1094 1805 AOIE.
1152 1761 1185 1810 15

202 1894 231 1957 1.
255 1889 387 1956 Seruius
401 1891 527 1957 Tullius
547 1893 735 1976 adulescens
754 1893 892 1977 proelio,
914 1915 978 1977 quo
997 1915 1054 1959 rex
1071 1894 1149 1958 Ter·

135 1980 263 2065 quinius
293 1979 448 2045 aduersus
472 1979 611 2046 Sabinos
640 1981 797 2064 conflixit,
826 1981 991 2066 signiferis
1019 1983 1148 2068 segnius

134 2068 364 2134 dimicantibus
393 2073 522 2153 raptum
551 2069 680 2154 signum
708 2070 743 2132 in
769 2068 897 2134 hostem
924 2071 1026 2136 mislt:
1059 2071 1148 2137 cuius

133 2156 347 2241 recuperandi
370 2158 477 2242 gratia
499 2155 640 2222 Romam
661 2157 710 2222 ita
733 2158 885 2222 ardenter
910 2163 1149 2244 pugnauerunt,

135 2250 173 2309 ut
195 2250 229 2310 et
251 2245 381 2330 signum
406 2249 439 2309 et
460 2245 633 2310 uictoriam
656 2245 837 2311 retulerint.
1167 2265 1201 2314 20

201 2334 232 2398 2.
267 2331 384 2398 Furius
412 2331 559 2418 Agrippa
590 2334 703 2398 consul
730 2334 862 2399 cedente
890 2356 991 2401 cornu
1018 2336 1149 2421 signum
1207 2357 1210 2360 ·

134 2421 278 2487 militare
293 2424 439 2506 ereptum
455 2421 611 2506 signifero
625 2423 660 2487 in
673 2422 787 2488 hostes
798 2422 958 2488 Hernicos
974 2426 1007 2489 et
1016 2423 1148 2508 Aequos

134 2510 234 2575 misit.
261 2532 325 2595 quo
348 2510 436 2576 facto
460 2511 530 2575 eius
552 2511 711 2595 proelium
730 2510 917 2578 restitutum
936 2516 1000 2577 est:
1023 2535 1149 2580 summa

133 2598 221 2664 enim
245 2599 416 2664 alacritate
434 2599 576 2665 Romani
599 2601 640 2666 ad
663 2601 883 2686 recipiendum
908 2602 1038 2687 signum
1060 2603 1149 2668 incu-

130 2688 280 2754 buenmt.
1165 2707 1200 2757 ao

199 2777 229 2844 3.
253 2776 289 2842 Τ.
304 2775 455 2852 Quintius
475 2774 679 2862 Capitolinus
701 2779 814 2844 consul
833 2780 962 2865 signum
981 2779 1016 2844 in
1034 2780 1146 2845 hostes

131 2865 275 2931 Faliscos
298 2865 393 2930 eiecit
414 2865 597 2951 militesque
620 2868 654 2933 id
676 2871 822 2952 repetere
845 2869 950 2934 iussit.

131 3093 177 3148 H¹
192 3029 219 3162 {a
234 3022 402 3147 lignium}
417 3022 452 3076 H
466 3022 634 3077 dirrhatium
655 3024 701 3092 ΡΙ
717 3022 873 3093 treliquiis
887 3024 965 3079 Mod.
983 3027 988 3092 Ι
1005 3030 1037 3079 12
1056 3026 1147 3094 primo

218 3110 245 3148 cr
265 3109 301 3147 an
333 3111 348 3147 r

205 3171 238 3219 15
257 3165 369 3218 titutum
386 3181 436 3219 om.
456 3165 499 3219 H¹
530 3166 534 3230 Ι
567 3163 743 3220 restituenda
761 3166 794 3219 d:
812 3165 846 3232 ef.
864 3182 892 3234 p.
911 3169 964 3232 38,
987 3170 1025 3221 18
1045 3165 1148 3222 consti·

132 3234 237 3289 tuenda
253 3234 325 3303 tPl
343 3240 376 3288 16
393 3235 482 3290 tullus
501 3236 571 3304 BP,
589 3253 637 3291 em.
656 3236 676 3290 d
700 3234 705 3307 Ι
721 3235 916 3291 adolesceret
932 3239 936 3306 Ι
955 3241 987 3291 rt
1006 3237 1148 3293 conflicxit

131 3305 177 3371 Η,
201 3306 248 3361 sed
267 3321 281 3359 c
300 3322 360 3375 esp.
380 3308 484 3361 attia
502 3323 556 3362 roc.
575 3308 613 3374 tl
635 3311 669 3361 18
686 3307 847 3377 raptimtl
869 3311 902 3362 ts
919 3307 1074 3377 recipiendi
1094 3309 1145 3381 ΡΙ

132 3375 265 3431 ardenter
282 3376 323 3444 H,
341 3378 388 3431 sed
405 3378 453 3432 att.
471 3396 486 3432 r
503 3380 535 3432 ta
548 3393 604 3434 ras.
627 3380 632 3446 Ι
662 3383 697 3432 20
714 3377 871 3433 retulerunt
884 3379 919 3433 H
928 3385 992 3434 cate
1005 3396 1061 3437 res.
1078 3382 1083 3448 Ι
1112 3386 1146 3435 22

130 3446 267 3502 Hernicos
294 3446 411 3502 Volscos
421 3447 491 3504 Dat.
506 3449 566 3505 cett.
576 3449 642 3504 Idu.
658 3453 685 3516 3,
695 3455 746 3507 70.-
764 3451 799 3516 cf.
809 3450 901 3519 praef.
915 3449 937 3521 ἕ
950 3455 983 3505 11
1001 3452 1005 3519 Ι
1021 3457 1056 3506 23
1071 3449 1146 3505 facto

131 3519 253 3588 dpacto
299 3517 344 3587 ΡΙ
361 3523 389 3573 et
403 3519 579 3643 tammulti
589 3525 623 3575 27
642 3521 783 3602 phaliscus
800 3520 836 3575 H
850 3519 977 3590 Volscos,
995 3523 1077 3578 eiecto
1095 3519 1146 3577 Oa-

130 3589 275 3660 pItolinus,
295 3590 364 3646 cont.
386 3589 456 3646 Oud.
474 3592 534 3647 cott.
581 3592 620 3646 iu.
638 3595 665 3659 4,
679 3595 739 3662 291
762 3590 792 3645 rd
810 3607 861 3647 om.
875 3591 920 3648 Ηι
